@INPROCEEDINGS{VisuailOdometry,
  author={Nister, D. and Naroditsky, O. and Bergen, J.},
  booktitle={Proceedings of the 2004 IEEE Computer Society Conference on Computer Vision and Pattern Recognition, 2004. CVPR 2004.}, 
  title={Visual odometry}, 
  year={2004},
  volume={1},
  number={},
  pages={},
  keywords={Motion estimation;Cameras;Delay estimation;Head;Real time systems;Navigation;Robustness;Tracking;Layout;Global Positioning System},
  doi={10.1109/CVPR.2004.1315094}
}

@ARTICLE{VIO,
  author={Forster, Christian and Carlone, Luca and Dellaert, Frank and Scaramuzza, Davide},
  journal={IEEE Transactions on Robotics}, 
  title={On-Manifold Preintegration for Real-Time Visual--Inertial Odometry}, 
  year={2017},
  volume={33},
  number={1},
  pages={1-21},
  keywords={Smoothing methods;Optimization;Estimation;Real-time systems;Manifolds;Computational modeling;Jacobian matrices;Computer vision;sensor fusion;visual--inertial odometry (VIO)},
  doi={10.1109/TRO.2016.2597321}
}
  
@INPROCEEDINGS{DirectLIO,
  author={Chen, K. and Nemiroff, R. and Lopez, B. T.},
  booktitle={2023 IEEE International Conference on Robotics and Automation (ICRA)}, 
  title={Direct LiDAR-Inertial Odometry: Lightweight {LIO} with Continuous-Time Motion Correction}, 
  year={2023},
  volume={},
  number={},
  pages={3983--3989},
  keywords={Location awareness;Technological innovation;Computer architecture;Observers;Real-time systems;Trajectory;Odometry},
  doi={10.1109/ICRA48891.2023.10160508}
}

% Kenji KoideMasashi YokozukaShuji OishiShuji OishiAtsuhiko Banno
@article{KoideRAS2024,
  title = {{GLIM}: {3D} range-inertial localization and mapping with {GPU}-accelerated scan matching factors},
  year = {2024},
  journal = {Robotics and Autonomous Systems},
  author = {K. Koide and M. Yokozuka and S. Oishi and A. Banno},
  number = {2},
  pages = {104750},
  volume = {179}
}

%{Wu, Yibin and Guadagnino, Tiziano and Wiesmann, Louis and Klingbeil, Lasse and Stachniss, Cyrill and Kuhlmann, Heiner},
@inproceedings{wu2024icra,
    author     = {Wu, Y. and Guadagnino, T. and Wiesmann, L. and Klingbeil, L. and Stachniss, C. and Kuhlmann, H.},
    title      = {{LIO-EKF}: High Frequency {LiDAR}-Inertial Odometry using Extended {Kalman} Filters},
    booktitle  = {IEEE International Conference on Robotics and Automation (ICRA)},
    year       = {2024}
}

@article{BorensteinJRS1997,
  title = {Mobile robot positioning: Sensors and techniques},
  year = {1997},
  journal = {Journal of Robotic Systems},
  author = {J. Borenstein and H.R. Everett and L. Feng and D. Wehe},
  number = {4},
  pages = {229--340},
  volume = {14}
}

%author = {Ji Zhang and Sanjiv Singh},
@conference{loam2014zhang,
author = {J. Zhang and S. Singh},
title = {{LOAM}: Lidar Odometry and Mapping in Real--time},
booktitle = {Proceedings of Robotics: Science and Systems (RSS)},
year = {2014}
}

%  author={Shan, Tixiao and Englot, Brendan},
@inproceedings{legoloam2018shan,
  title={{LeGO-LOAM}: Lightweight and Ground--Optimized Lidar Odometry and Mapping on Variable Terrain},
  author={Shan, T. and Englot, B.},
  booktitle={IEEE/RSJ International Conference on Intelligent Robots and Systems (IROS)},
  pages={4758--4765},
  year={2018},
  organization={IEEE}
}

%  author={Chen, Kenny and Lopez, Brett T. and Agha-mohammadi, Ali-akbar and Mehta, Ankur},
@article{chen2022direct,
  author={Chen, K. and Lopez, B. T. and Agha-mohammadi, A. and Mehta, A.},
  journal={IEEE Robotics and Automation Letters}, 
  title={Direct {LiDAR} Odometry: Fast Localization With Dense Point Clouds}, 
  year={2022},
  volume={7},
  number={2},
  pages={2000-2007},
  doi={10.1109/LRA.2022.3142739}
}

%  author={Ye, Haoyang and Chen, Yuying and Liu, Ming},
@INPROCEEDINGS{LIO-mapping,
  author={Ye, H. and Chen, Y. and Liu, M.},
  booktitle={2019 International Conference on Robotics and Automation (ICRA)}, 
  title={Tightly Coupled {3D} Lidar Inertial Odometry and Mapping}, 
  year={2019},
  pages={3144--3150}
}

%  author={Shan, Tixiao and Englot, Brendan and Meyers, Drew and Wang, Wei and Ratti, Carlo and Rus Daniela},
@inproceedings{liosam2020shan,
  title={{LIO--SAM}: Tightly-coupled Lidar Inertial Odometry via Smoothing and Mapping},
  author={Shan, T. and Englot, B. and Meyers, D. and Wang, W. and Ratti, C. and Rus D.},
  booktitle={IEEE/RSJ International Conference on Intelligent Robots and Systems (IROS)},
  pages={5135--5142},
  year={2020},
  organization={IEEE}
}

%  author={Ding, Wendong and Hou, Shenhua and Gao, Hang and Wan, Guowei and Song, Shiyu},
@INPROCEEDINGS{DingICRA2020,
  author={Ding, W. and Hou, S. and Gao, H. and Wan, G. and Song, S.},
  booktitle={2020 IEEE International Conference on Robotics and Automation (ICRA)}, 
  title={{LiDAR} Inertial Odometry Aided Robust {LiDAR} Localization System in Changing City Scenes}, 
  year={2020},
  volume={},
  number={},
  pages={4322-4328}
}

%  author={Dong, Yanchao and Li, Lingxiao and Xu, Sixiong and Li, Wenxuan and Li, Jinsong and Zhang, Yahe and He, Bin},
@ARTICLE{DongRA-L2023,
  author={Dong, Y. and Li, L. and Xu, S. and Li, W. and Li, J. and Zhang, Y. and He, B.},
  journal={IEEE Robotics and Automation Letters}, 
  title={{R-LIOM}: Reflectivity-Aware {LiDAR}-Inertial Odometry and Mapping}, 
  year={2023},
  volume={8},
  number={11},
  pages={7743-7750}
}

%  author={Xu, Wei and Zhang, Fu},
@ARTICLE{FAST-LIO,
  author={Xu, W. and Zhang, F.},
  journal={IEEE Robotics and Automation Letters}, 
  title={{FAST-LIO}: A Fast, Robust {LiDAR}--Inertial Odometry Package by Tightly-Coupled Iterated Kalman Filter}, 
  year={2021},
  volume={6},
  number={2},
  pages={3317--3324}
}

%  author={Xu, Wei and Cai, Yixi and He, Dongjiao and Lin, Jiarong and Zhang, Fu},
@ARTICLE{FAST-LIO2,
  author={Xu, W. and Cai, Y. and He, D. and Lin, J. and Zhang, F.},
  journal={IEEE Transactions on Robotics}, 
  title={{FAST-LIO2}: Fast Direct {LiDAR}--Inertial Odometry}, 
  year={2022},
  volume={38},
  number={4},
  pages={2053--2073}
}

%  author={Chen, Kenny and Nemiroff, Ryan and Lopez, Brett T.},
@INPROCEEDINGS{Direct-LIO,
  author={Chen, K. and Nemiroff, R. and Lopez, B.T.},
  booktitle={2023 IEEE International Conference on Robotics and Automation (ICRA)}, 
  title={Direct {LiDAR}--Inertial Odometry: Lightweight {LIO} with Continuous--Time Motion Correction}, 
  year={2023},
  pages={3983--3989}
}

%  author={Kai-Yung Huang and Junqiao Zhao and Tiantian Feng and Zhongyan Zhu and Chen Ye},
@article{Huang2023LOGLIOAL,
  title={{LOG-LIO}: A {LiDAR}-Inertial Odometry With Efficient Local Geometric Information Estimation},
  author={K.-Y. Huang and J. Zhao and T. Feng and Z. Zhu and C. Ye},
  journal={IEEE Robotics and Automation Letters},
  year={2023},
  volume={9},
  pages={459-466},
  url={https://api.semanticscholar.org/CorpusID:259982859}
}

%  author={Kailai Li and Meng Li and Uwe D. Hanebeck},
@article{Li2020TowardsHS,
  title={Towards High-Performance Solid-State-{LiDAR}-Inertial Odometry and Mapping},
  author={K. Li and M. Li and U. D. Hanebeck},
  journal={IEEE Robotics and Automation Letters},
  year={2020},
  volume={6},
  pages={5167-5174},
  url={https://api.semanticscholar.org/CorpusID:225066761}
}

@article{Lopez2023arXiv,
  title = {A contracting hierarchical observer for pose-inertial fusion},
  year = {2023},
  journal = {arXiv:2303.02777},
  author = {B. T. Lopez}
}

%  author={Akai, Naoki and Hirayama, Takatsugu and Morales, Luis Yoichi and Akagi, Yasuhiro and Liu, Hailong and Murase, Hiroshi},
@INPROCEEDINGS{AkaiIV2019,
  author={Akai, N. and Hirayama, T. and Morales, L.Y. and Akagi, Y. and Liu, H. and Murase, H.},
  booktitle={2019 IEEE Intelligent Vehicles Symposium (IV)}, 
  title={Driving Behavior Modeling Based on Hidden {Markov} Models with Driver's Eye-Gaze Measurement and Ego-Vehicle Localization}, 
  year={2019},
  volume={},
  number={},
  pages={949--956},
  keywords={Hidden Markov models;Mathematical model;Vehicles;Integrated circuits;Three-dimensional displays;Optimization;Training},
  doi={10.1109/IVS.2019.8814287}
}

%  author = {Forster, Christian and Carlone, Luca and Dellaert, Frank and Scaramuzza, Davide},
@article{ForsterTRO2017,
  title = {On-Manifold Preintegration for Real-Time Visual--Inertial Odometry},
  year = {2017},
  journal = {IEEE Transactions on Robotics},
  author = {Forster, C. and Carlone, L. and Dellaert, F. and Scaramuzza, D.},
  number = {1},
  month = {2},
  pages = {1--21},
  volume = {33},
  url = {http://ieeexplore.ieee.org/document/7557075/},
  isbn = {9781467380256},
  doi = {10.1109/TRO.2016.2597321},
  issn = {1552-3098},
  pmid = {15523098},
  arxivId = {1512.02363},
  keywords = {Computer vision, sensor fusion, visual-inertial odometry (VIO)}
}

%  author = {Segal, Aleksandr and Hähnel, Dirk and Thrun, Sebastian},
@inproceedings{SegalRSS2009GICP,
  author = {Segal, A. and H\"ahnel, D. and Thrun, S.},
  booktitle = {Robotics: Science and Systems},
  editor = {Trinkle, Jeff and Matsuoka, Yoky and Castellanos, José A.},
  publisher = {The MIT Press},
  title = {Generalized--{ICP}},
  year = {2009}
}

@INPROCEEDINGS{multi-channel-GICP,
  author={J. Servos and S. L. Waslander},
  booktitle={IEEE International Conference on Robotics and Automation}, 
  title={Multi channel generalized-{ICP}}, 
  year={2014},
  volume={},
  number={},
  pages={3644--3649}
}

@INPROCEEDINGS{Surface-GICP,
  author={M. Vlaminck and H. Luong and W. Philips},
  booktitle={Conference on Computer and Robot Vision}, 
  title={Surface-based {GICP}}, 
  year={2018},
  volume={},
  number={},
  pages={262--268}
}

@INPROCEEDINGS{BengtssonIROS2001,
  author={Bengtsson, O. and Baerveldt, A.J.},
  booktitle={Proceedings 2001 IEEE/RSJ International Conference on Intelligent Robots and Systems}, 
  title={Localization in changing environments -- estimation of a covariance matrix for the {IDC} algorithm}, 
  year={2001},
  volume={4},
  pages={1931--1937}
}

@inproceedings{biber_iros2003:_ndt,
    author = {Biber, P. and Stra{\ss}er, W.},
    title = {The normal distributions transform: A new approach to laser scan matching},
    booktitle = {IEEE/RSJ International Conference on Intelligent Robots and Systems (IROS)},
    pages = {2743--2748},
    year = {2003}
}

%  author={Koide, Kenji and Yokozuka, Masashi and Oishi, Shuji and Banno, Atsuhiko},
@INPROCEEDINGS{KoideICRA2022,
  author={Koide, K. and Yokozuka, M. and Oishi, S. and Banno, A.},
  booktitle={2022 International Conference on Robotics and Automation (ICRA)}, 
  title={Globally Consistent and Tightly Coupled 3D LiDAR Inertial Mapping}, 
  year={2022},
  volume={},
  number={},
  pages={5622--5628},
}

% AUTHOR = {Chen, Jianhong and Wang, Hongwei and Yang, Shan},
@Article{s23156834,
AUTHOR = {Chen, J. and Wang, H. and Yang, S.},
TITLE = {Tightly Coupled {LiDAR}-Inertial Odometry and Mapping for Underground Environments},
JOURNAL = {Sensors},
VOLUME = {23},
YEAR = {2023},
NUMBER = {15},
ARTICLE-NUMBER = {6834},
}

%  author={Ramezani, Milad and Wang, Yiduo and Camurri, Marco and Wisth, David and Mattamala, Matias and Fallon, Maurice},
@INPROCEEDINGS{ramezani2020newer,
  author={Ramezani, M. and Wang, Y. and Camurri, M. and Wisth, D. and Mattamala, M. and Fallon, M.},
  booktitle={2020 IEEE/RSJ International Conference on Intelligent Robots and Systems (IROS)}, 
  title={{The Newer College Dataset}: Handheld {LiDAR}, Inertial and Vision with Ground Truth}, 
  year={2020},
  pages={4353--4360},
  doi={10.1109/IROS45743.2020.9340849}
}

%  author={Grupp, Michael},
@misc{grupp2017evo,
  title={evo: Python package for the evaluation of odometry and {SLAM}},
  author={Grupp, M.},
  howpublished={\url{https://github.com/MichaelGrupp/evo}},
  year={2017}
}

%  author={Koide, Kenji and Yokozuka, Masashi and Oishi, Shuji and Banno, Atsuhiko},
@INPROCEEDINGS{FastGICP,
  author={Koide, K. and Yokozuka, M. and Oishi, S. and Banno, A.},
  booktitle={2021 IEEE International Conference on Robotics and Automation (ICRA)}, 
  title={Voxelized {GICP} for Fast and Accurate {3D} Point Cloud Registration}, 
  year={2021},
  volume={},
  number={},
  pages={11054--11059},
  keywords={Three-dimensional displays;Laser radar;Conferences;Graphics processing units;Transforms;Nearest neighbor methods;Gaussian distribution},
  doi={10.1109/ICRA48506.2021.9560835}
}

%  author={Yokozuka, Masashi and Koide, Kenji and Oishi, Shuji and Banno, Atsuhiko},
@INPROCEEDINGS{LiTAMIN,
  author={Yokozuka, M. and Koide, K. and Oishi, S. and Banno, A.},
  booktitle={2020 IEEE/RSJ International Conference on Intelligent Robots and Systems (IROS)}, 
  title={{LiTAMIN}: {LiDAR}-based Tracking And Mapping by Stabilized {ICP} for Geometry Approximation with Normal Distributions},
  year={2020},
  volume={},
  number={},
  pages={5143--5150},
  keywords={Geometry;Visualization;Simultaneous localization and mapping;Three-dimensional displays;Gaussian distribution;Robustness;Computational efficiency},
  doi={10.1109/IROS45743.2020.9341341}
}

%  author={Yokozuka, Masashi and Koide, Kenji and Oishi, Shuji and Banno, Atsuhiko},
@INPROCEEDINGS{LiTAMIN2,
  author={Yokozuka, M. and Koide, K. and Oishi, S. and Banno, A.},
  booktitle={2021 IEEE International Conference on Robotics and Automation (ICRA)}, 
  title={{LiTAMIN2}: Ultra Light {LiDAR}-based {SLAM} using Geometric Approximation applied with {KL}-Divergence}, 
  year={2021},
  volume={},
  number={},
  pages={11619--11625},
  keywords={Simultaneous localization and mapping;Costs;Laser radar;Shape;Conferences;Gaussian distribution;Benchmark testing},
  doi={10.1109/ICRA48506.2021.9560947}
}

% author = {Frank Dellaert and Michael Kaess},
@book{FactorGraph,
author = {F. Dellaert and M. Kaess},
title = {Factor Graphs for Robot Perception},
year = {2017},
month = {August},
publisher = {Now Publishers Inc.},
}

@article{AkaiJFR2023,
    author = {Akai, N.},
    title = {Reliable {Monte Carlo} localization for mobile robots},
    journal = {Journal of Field Robotics},
    volume = {40},
    number = {3},
    year = {2023},
    pages = {595--613},
}

%    author={Jianzhu Huai and Xiang Gao},
@article{huai2023quick,
    author = {J. Huai and X. Gao},
    title = {A Quick Guide for the Iterated Extended {Kalman} Filter on Manifolds},
    journal = {arXiv:2307.09237},
    year = {2023},
}



















% author = {Janne Haverinen and Anssi Kemppainen},
% note = {5th International Conference on Computational Intelligence, Robotics and Autonomous Systems (5th CIRAS)},
@article{HaverinenRAS2009,
title = {Global indoor self-localization based on the ambient magnetic field},
journal = {Robotics and Autonomous Systems},
volume = {57},
number = {10},
pages = {1028--1035},
year = {2009},
issn = {0921-8890},
doi = {https://doi.org/10.1016/j.robot.2009.07.018},
url = {https://www.sciencedirect.com/science/article/pii/S0921889009001092},
author = {J. Haverinen and A. Kemppainen},
keywords = {Monte Carlo localization, Mobile robot, Magnetic field},
abstract = {There is evidence that animals utilize local anomalities of Earth’s magnetic field not just for orientation detection but also for true navigation, i.e., some animals are not only able to detect the direction of Earth’s magnetic field (compass heading), they are able to derive positional information from local cues arising from the local anomalities of Earth’s magnetic field. Similarly to Earth’s non-constant magnetic field, the magnetic field inside buildings can be highly non-uniform. The magnetic field fluctuations inside buildings arise from both natural and man-made sources, such as steel and reinforced concrete structures, electric power systems, electric and electronic appliances, and industrial devices. Assuming that the anomalities of the magnetic field inside a building are nearly static and they have sufficient local variability, the anomalies provide a unique magnetic fingerprint that can be utilized in global self-localization. Based on the evidence presented in this article it can be argued that this hypothesis is valid. In this article, a Monte Carlo Localization (MCL) technique based on the above hypothesis is proposed. The feasibility of the technique is demonstrated by presenting a series of global self-localization experiments conducted in four arbitrarily selected buildings, including a hospital. The experiment setup consists of a mobile robot instrumented with a 3-axis magnetometer and a computer. In addition to global robot self-localization experiments, successful person self-localization experiments were also conducted by using a wireless, wearable magnetometer. The reported experiments suggest that the ambient magnetic field may remain sufficiently stable for longer periods of time giving support for self-localization techniques utilizing the local deviations of the magnetic field.}
}


% Rahok Sam Ann, Yoshihito Shikanai, and Koichi Ozaki
@article{RahokAR2011,
title = {Navigation Using an Environmental Magnetic Field for Outdoor Autonomous Mobile Robots},
journal = {Advanced Robotics},
volume = {25},
number = {13-14},
pages = {1751--1771},
year = {2011},
author = {Rahok, S.A. and Shikanai, Y. and and Ozaki, K.},
}

%  author={Rahok, Sam Ann and Shikanai, Yoshihito and Ozaki, Koichi},
%  booktitle={2010 IEEE/RSJ International Conference on Intelligent Robots and Systems}, 
@INPROCEEDINGS{RahokIROS2010,
  author={Rahok, S.A. and Shikanai, Y. and Ozaki, K.},
  booktitle={2010 IEEE/RSJ International Conference on Intelligent Robots and Systems}, 
  title={Trajectory tracking using environmental magnetic field for outdoor autonomous mobile robots}, 
  year={2010},
  volume={},
  number={},
  pages={1402--1407},
}

%  author={Frassl, Martin and Angermann, Michael and Lichtenstern, Michael and Robertson, Patrick and Julian, Brian J. and Doniec, Marek},
@INPROCEEDINGS{FrasslIROS2013,
  author={Frassl, M. and Angermann, M. and Lichtenstern, M. and Robertson, P and Julian, B.J. and Doniec, M.},
  booktitle={2013 IEEE/RSJ International Conference on Intelligent Robots and Systems}, 
  title={Magnetic maps of indoor environments for precise localization of legged and non-legged locomotion}, 
  year={2013},
  volume={},
  number={},
  pages={913--920},
}

%  author={Akai, Naoki and Ozaki, Koichi},
@INPROCEEDINGS{AkaiIROS2015,
  author={Akai, N. and Ozaki, K.},
  booktitle={2015 IEEE/RSJ International Conference on Intelligent Robots and Systems (IROS)}, 
  title={Gaussian processes for magnetic map-based localization in large-scale indoor environments}, 
  year={2015},
  volume={},
  number={},
  pages={4459--4464},
}

%  author={Akai, Naoki and Ozaki, Koichi},
@INPROCEEDINGS{AkaiIPIN2017,
  author={Akai, N. and Ozaki, K.},
  booktitle={2017 International Conference on Indoor Positioning and Indoor Navigation (IPIN)}, 
  title={3D magnetic field mapping in large-scale indoor environment using measurement robot and Gaussian processes}, 
  year={2017},
  volume={},
  number={},
  pages={1--7},
}

@book{Kaess-2017-106169,
author = {Frank Dellaert and Michael Kaess},
title = {Factor Graphs for Robot Perception},
year = {2017},
month = {August},
publisher = {Now Publishers Inc.},
}

%  author={Ye, Haoyang and Chen, Yuying and Liu, Ming},
@INPROCEEDINGS{YeICRA2019,
  author={Ye, H. and Chen, Y. and Liu, M.},
  booktitle={2019 International Conference on Robotics and Automation (ICRA)}, 
  title={Tightly Coupled {3D} Lidar Inertial Odometry and Mapping}, 
  year={2019},
  volume={},
  number={},
  pages={3144--3150},
}

@article{SuzukiRA-L2022,
title = {{GNSS Odometry}: Precise Trajectory Estimation Based on Carrier Phase Cycle Slip Estimation},
journal = {IEEE Robotics and Automation Letters},
volume = {7},
number = {3},
pages = {7319--7326},
year = {2022},
author = {Suzuki, T.},
}

%month={May},
@INPROCEEDINGS{100062, 
author={J. L. {Crowley}}, 
booktitle={Proceedings of the IEEE International Conference on Robotics and Automation}, 
title={World modeling and position estimation for a mobile robot using ultrasonic ranging}, 
year={1989}, 
volume={2}, 
number={}, 
pages={674--680}, 
keywords={distance measurement;mobile robots;position measurement;ultrasonic transducers;ultrasonic transducers;position measurement;world modelling;distance measurement;position estimation;mobile robot;ultrasonic ranging;ultrasonic range sensors;Kalman filter update equation;line segment;segment extraction;position correction;Mobile robots;Sensor phenomena and characterization;Robot kinematics;Orbital robotics;Belts;Sensor systems;Coordinate measuring machines;Ultrasonic variables measurement;Equations;Data mining}, 
doi={10.1109/ROBOT.1989.100062}, 
ISSN={}, 
}

@article{yamauchi_jrs1997:_map_matching,
    author = {Yamauchi, B. and Langley, P.},
    title = {Place recognition in dynamic environments},
    journal = {Journal of Robotic Systems},
    volume = {14},
    number = {},
    year = {1997},
    pages = {107--120},
} 

%    author = {Grisetti, G. and Stachniss, C. and Burgard, W.},
@article{grisetti_tro2007:_gmapping,
    author = {Grisetti, G. and Stachniss, C. and Burgard, W.},
    title = {Improved Techniques for Grid Mapping With {Rao-Blackwellized} Particle Filters},
    journal = {IEEE Transaction on Robotics},
    issue_date = {February 2007},
    volume = {23},
    number = {1},
    month = feb,
    year = {2007},
    issn = {1552-3098},
    pages = {34--46},
    numpages = {13},
    url = {http://dx.doi.org/10.1109/TRO.2006.889486},
    doi = {10.1109/TRO.2006.889486},
    acmid = {2211962},
    publisher = {IEEE Press},
    address = {Piscataway, NJ, USA},
    keywords = {Adaptive resampling, Rao-Blackwellized particle filter (RBPF), improved proposal, motion model, simultaneous localization and mapping (SLAM)},
} 

%    month = sep,
@article{wang_ijrr2007:_slam_mot,
    author = {Wang, C.-C. and Thorpe, C. and Thrun, S. and Hebert, M. and Durrant-Whyte, H.},
    title = {Simultaneous Localization, Mapping and Moving Object Tracking},
    journal = {The International Journal of Robotics Research},
    volume = {26},
    number = {9},
    year = {2007},
    issn = {},
    pages = {889--916},
    doi = {10.1177/0278364907081229},
}

%    author = {Besl, P. J. and others},
%    month = feb,
%    journal = {IEEE Trans. Pattern Anal. Mach. Intell.},
@article{BeslTPAMI1992,
    author = {Besl, P.J. and McKay, N.D.},
    title = {A Method for Registration of {3-D} Shapes},
    journal = {IEEE Transaction on Pattern Analysis and Machine Intelligence},
    volume = {14},
    number = {2},
    year = {1992},
    issn = {0162-8828},
    pages = {239--256},
    numpages = {18},
    url = {http://dx.doi.org/10.1109/34.121791},
    doi = {10.1109/34.121791},
    acmid = {132022},
    publisher = {IEEE Computer Society},
    address = {Washington, DC, USA},
    keywords = {3D shape registration, computational geometry, convergence, convergence of numerical methods, geometric entity, geometric model, iterative closest point, iterative methods, mean-square distance metric, optimisation, pattern recognition, picture processing, point set registration},
}

% booktitle={Proceedings 1999 IEEE International Conference on Robotics and Automation (Cat. No.99CH36288C)}, 
% month={May},
@INPROCEEDINGS{DellaertICRA1999, 
author={F. Dellaert and D. Fox and W. Burgard and S. Thrun}, 
booktitle={Proceedings of the IEEE International Conference on Robotics and Automation}, 
title={{Monte Carlo} localization for mobile robots}, 
year={1999}, 
volume={2}, 
number={}, 
pages={1322--1328}, 
keywords={probability;mobile robots;path planning;Monte Carlo methods;distance measurement;Monte Carlo localization;indoor environments;position estimation;probability densities;sampling-based representation;arbitrary distributions;Monte Carlo methods;Mobile robots;Navigation;Robot localization;Uncertainty;Computer science;Indoor environments;Orbital robotics;State-space methods;Bayesian methods}, 
doi={10.1109/ROBOT.1999.772544}, 
ISSN={1050-4729}, 
}

@article{Thrun:2001:RMC:379734.379740,
 author = {Thrun, S. and Fox, D. and Burgard, W. and Dallaert, F.},
 title = {Robust {Monte} {Carlo} Localization for Mobile Robots},
 journal = {Artificial Intelligence},
 volume = {128},
 number = {1--2},
 year = {2001},
 issn = {0004-3702},
 pages = {99--141},
 numpages = {43},
 url = {http://dx.doi.org/10.1016/S0004-3702(01)00069-8},
 doi = {10.1016/S0004-3702(01)00069-8},
 acmid = {379740},
} 

%    author = {Dieter Fox and Wolfram Burgard and Frank Dellaert and Sebastian Thrun},
@INPROCEEDINGS{Fox99montecarlo,
    author = {D. Fox and W. Burgard and F. Dellaert and S. Thrun},
    title = {{Monte Carlo} Localization: Efficient Position Estimation for Mobile Robots},
    booktitle = {Proceedings of the National Conference on Artificial Intelligence},
    year = {1999},
    pages = {343--349},
}

@INPROCEEDINGS{727280, 
author={J. Gutmann and W. Burgard and D. Fox and K. Konolige}, 
booktitle={Proceedingsof the IEEE/RSJ International Conference on Intelligent Robots and Systems}, 
title={An experimental comparison of localization methods}, 
year={1998}, 
volume={2}, 
number={}, 
pages={736--743}, 
keywords={probability;Markov processes;mobile robots;Kalman filters;filtering theory;path planning;localization methods;sensor readings;indoor mobile robots;Markov localization;probability distribution;scan matching;Kalman filtering techniques;dense matching methods;dead-reckoning;Robot sensing systems;Working environment noise;Mobile robots;Sonar navigation;Sensor phenomena and characterization;Probability distribution;Kalman filters;Matched filters;Noise robustness;Satellite navigation systems}, 
doi={10.1109/IROS.1998.727280}, 
ISSN={}, 
month={},
}

@article{Maybeck79stochasticsmodels,
    author = {P. Maybeck},
    title = {Stochastics Models, Estimation, and Control},
    volume = {1},
    journal = {Academic Press},
    year = {1979}
}

@article{birk_ar2010:_quantitative_assessment_grid_maps,
  author={Birk, A.},
  title={A quantitative assessment of structural errors in grid maps},
  journal={Autonomous Robots},
  year={2010},
  volume={28},
  pages={187--196}
}

%month={May},
@INPROCEEDINGS{924423, 
author={S. {Rusinkiewicz} and M. {Levoy}}, 
booktitle={Proceedings Third International Conference on 3-D Digital Imaging and Modeling}, 
title={Efficient variants of the ICP algorithm}, 
year={2001}, 
volume={}, 
number={}, 
pages={145--152}, 
keywords={distance measurement;image processing;minimisation;real-time systems;iterative closest point algorithm;geometric alignment;three-dimensional models;minimization strategy;nearly-flat meshes;inscribed surfaces;uniform sampling;range images;real-time 3D model acquisition;model-based tracking;Iterative closest point algorithm;Iterative algorithms;Convergence;Solid modeling;Iterative methods;Geometry;Layout;Minimization methods;Image sampling;Rough surfaces}, 
doi={10.1109/IM.2001.924423}, 
ISSN={}, 
}

%month={May},
@ARTICLE{1407879, 
author={L. {Silva} and O. R. P. {Bellon} and K. L. {Boyer}}, 
journal={IEEE Transactions on Pattern Analysis and Machine Intelligence}, 
title={Precision range image registration using a robust surface interpenetration measure and enhanced genetic algorithms}, 
year={2005}, 
volume={27}, 
number={5}, 
pages={762--776}, 
keywords={image registration;genetic algorithms;iterative methods;stochastic processes;surface interpenetration measure;precision range image registration;iterative closest point algorithm;hybrid genetic algorithm technique;search algorithm;mean squared error;robust cost functions;stochastic search;Image registration;Genetic algorithms;Noise robustness;Iterative closest point algorithm;Iterative algorithms;Convergence;Cost function;Stochastic resonance;Biomedical imaging;Medical robotics;Index Terms- Range image registration;genetic algorithms;robust methods;stochastic search.;Algorithms;Artificial Intelligence;Image Enhancement;Image Interpretation, Computer-Assisted;Imaging, Three-Dimensional;Information Storage and Retrieval;Numerical Analysis, Computer-Assisted;Pattern Recognition, Automated;Reproducibility of Results;Sensitivity and Specificity;Signal Processing, Computer-Assisted;Subtraction Technique}, 
doi={10.1109/TPAMI.2005.108}, 
ISSN={0162-8828}, 
}

% author = {Makadia, Ameesh and Patterson, Alexander IV and Daniilidis, Kostas},
% address = {Washington, DC, USA},
@inproceedings{Makadia:2006:FAR:1153170.1153536,
 author = {Makadia, A. and Patterson, A. IV and Daniilidis, K.},
 title = {Fully Automatic Registration of 3D Point Clouds},
 booktitle = {Proceedings of the IEEE Computer Society Conference on Computer Vision and Pattern Recognition},
 year = {2006},
 isbn = {0-7695-2597-0},
 volume = {1},
 pages = {1297--1304},
 numpages = {8},
 url = {http://dx.doi.org/10.1109/CVPR.2006.122},
 doi = {10.1109/CVPR.2006.122},
 acmid = {1153536},
} 


%month={May},
@INPROCEEDINGS{6630876, 
author={S. {Schwertfeger} and A. {Birk}}, 
booktitle={Proceedings of the IEEE International Conference on Robotics and Automation}, 
title={Evaluation of map quality by matching and scoring high-level, topological map structures}, 
year={2013}, 
volume={}, 
number={}, 
pages={2221--2226}, 
keywords={computational geometry;graph theory;mobile robots;SLAM (robots);map quality assessment;RoboCup Rescue competition;candidate map;map quality attributes;wave-front propagation;subgraph isomorphism identification;vertex-similarity;high-level spatial structures;Voronoi diagrams;2D grid maps;topology graphs;map evaluation;mobile robots;topological map structure scoring;topological map structure matching;high-level map structures;map quality evaluation;Topology;Measurement;Accuracy;Iterative closest point algorithm;Simultaneous localization and mapping;Shape}, 
doi={10.1109/ICRA.2013.6630876}, 
ISSN={1050-4729}, 
}
%    author = {Sundvall, P. and others},
@inproceedings{sundvall_icra2006:_fault_detection,
    author = {Sundvall, P. and Jensfelt, P.},
    title = {Fault Detection for Mobile Robots Using Redundant Positioning Systems},
    booktitle = {Proceedings of the IEEE International Conference on Robotics and Automation},
    pages = {3781--3786},
    year = {2006}
}

%    author = {Mendoza, J. P. and others},
@inproceedings{mendoza_iros2012:_fault_detection,
    author = {Mendoza, J. P. and Veloso, M. and Simmons, R.},
    title = {Mobile Robot Fault Detection Based on Redundant Information Statistics},
    booktitle = {Proceedings of the IEEE/RSJ International Conference on Intelligent Robots and Systems},
    pages = {},
    year = {2012}
}

%    author = {Alsayed, Z. and others},
@inproceedings{alsayed_itsc2017:_2d_slam_failure_detection,
    author = {Alsayed, Z. and Bresson, G. and Verroust-Blondet, A. and Nashashibi, F.},
    title = {Failure Detection for Laser-Based {SLAM} in Urban and Peri-Urban Environments},
    booktitle = {Proceedings of the IEEE International Conference on Intelligent Transportation Systems},
    pages = {126--132},
    year = {2017}
}

%    author = {Alsayed, Z. and others},
@inproceedings{alsayed_icra2018:_2d_slam_correction_prediction,
    author = {Alsayed, Z. and Bresson, G. and Verroust-Blondet, A. and Nashashibi, F.},
    title = {{2D} {SLAM} Correction Prediction in Large Scale Urban Environments},
    booktitle = {Proceedings of the IEEE International Conference on Robotics and Automation},
    pages = {5167--5714},
    year = {2018}
}

%    author = {Nobili, S. and others},
@inproceedings{nobili_icra2018:_alignment_risk_prediction,
    author = {Nobili, S. and Tinchev, G. and Fallon, M.},
    title = {Predicting Alignment Risk to Prevent Localization Failure},
    booktitle = {Proceedings of the IEEE International Conference on Robotics and Automation},
    pages = {1003--1010},
    year = {2018}
}

@inproceedings{hsu_itsc2017:_gnss_mulitpath_detection,
    author = {Hsu, L. T.},
    title = {{GNSS} Mulitpath Detection Using a Machine Learning Approach},
    booktitle = {Proceedings of the IEEE International Conference on Intelligent Transportation Systems},
    pages = {1414--1419},
    year = {2017}
}

%  author={Hakan Almqvist and Martin Magnusson and Tomasz Piotr Kucner and Achim J. Lilienthal},
@article{Almqvist2018LearningTD,
  author={Almqvist, H. and Magnusson, M. and Kucner, T. P. and Lilienthal, A. J.},
  title={Learning to detect misaligned point clouds},
  journal={Journal of Field Robotics},
  year={2018},
  volume={35},
  number={5},
  pages={662--677}
}

%  author={Gutmann, Jens-Steffen and Brisson, Gabriel and Eade, Ethan and Fong, Philip and Munich, Mario},
@INPROCEEDINGS{GutmannICRA2010,
  author={Gutmann, J.-S. and Brisson, G. and Eade, E. and Fong, P. and Munich, M.},
  booktitle={2010 IEEE International Conference on Robotics and Automation}, 
  title={Vector field {SLAM}}, 
  year={2010},
  volume={},
  number={},
  pages={236--242},
}

%  author={Gutmann, Jens-Steffen and Eade, Ethan and Fong, Philip and Munich, Mario E.},
@ARTICLE{GutmannTRO2012,
  author={Gutmann, J-S. and Eade, E. and Fong, P. and Munich, M.E.},
  journal={IEEE Transactions on Robotics}, 
  title={Vector Field {SLAM}-Localization by Learning the Spatial Variation of Continuous Signals}, 
  year={2012},
  volume={28},
  number={3},
  pages={650--667},
}

%  author={Wisth, David and Camurri, Marco and Fallon, Maurice},
@ARTICLE{WisthRA-L2019,
  author={Wisth, D. and Camurri, M. and Fallon, M.},
  journal={IEEE Robotics and Automation Letters}, 
  title={Robust Legged Robot State Estimation Using Factor Graph Optimization}, 
  year={2019},
  volume={4},
  number={4},
  pages={4507--4514},
}

%  author={Angermann, Michael and Frassl, Martin and Doniec, Marek and Julian, Brian J. and Robertson, Patrick},
@INPROCEEDINGS{AngermannIPIN2012,
  author={Angermann, M. and Frassl, M. and Doniec, M. and Julian, B.J. and Robertson, P.},
  booktitle={2012 International Conference on Indoor Positioning and Indoor Navigation (IPIN)}, 
  title={Characterization of the indoor magnetic field for applications in Localization and Mapping}, 
  year={2012},
  volume={},
  number={},
  pages={1--9},
}
  
%  author={Skog, Isaac and Handel, Peter and Nilsson, John-Olof and Rantakokko, Jouni},
@ARTICLE{SkogITBE2010,
  author={Skog, I. and Handel, P. and Nilsson, J.-O. and Rantakokko, J.},
  journal={IEEE Transactions on Biomedical Engineering}, 
  title={Zero-Velocity Detection—An Algorithm Evaluation}, 
  year={2010},
  volume={57},
  number={11},
  pages={2657--2666},
}

%  author={Naoki Akai and Kazumichi Inoue and Koichi Ozaki},
@article{AkaiJRM2014,
  title={Autonomous Navigation Based on Magnetic and Geometric Landmarks on Environmental Structure in Real World},
  author={N. Akai and K. Inoue and K. Ozaki},
  journal={Journal of Robotics and Mechatronics},
  volume={26},
  number={2},
  pages={158--165},
  year={2014}
}

% author = {K\"{u}mmerle, Rainer and Grisetti, Giorgio and Strasdat, Hauke and Konolige, Kurt and Burgard, Wolfram},
@inproceedings{KummerleICRA2011,
author = {K\"{u}mmerle, R. and Grisetti, G. and Strasdat, H. and Konolige, K. and Burgard, W.},
year = {2011},
pages = {3607--3613},
title = {{g2o}: A general framework for graph optimization},
journal = {2011 IEEE International Conference on Robotics and Automation (ICRA)}
}

% Renato Miyagusuku, Atsushi Yamashita, Hajime Asama
@inproceedings{MiyagusukuIROS2016,
    author = {R. Miyagusuku and A. Yamashita and H. Asama},
    title = {Improving gaussian processes based mapping of wireless signals using path loss models},
    booktitle = {2016 IEEE/RSJ International Conference on Intelligent Robots and Systems (IROS)},
    pages = {4610--4615},
    year = {2016}
}

%    author = {Brian Ferris and Dirk H\"{a}hnel and Dieter Fox},
@inproceedings{FerrisRSS2006,
    author = {B. Ferris and D. H\"{a}hnel and D. Fox},
    title = {Gaussian Processes for Signal Strength-Based Location Estimation},
    booktitle = {Proceeding of robotics: science and systems},
    year = {2006}
}

@article{SunCJA2022,
  author={K. Sun and Q. Zeng and J. Liu and W. Qiu and J. Shi},
  title={Modified attitude factor graph fusion method for unmanned helicopter under atmospheric disturbance},
  journal={Chinese Journal of Aeronautics},
  year={2022},
  volume={35},
  number={6},
  pages={285--297}
}


@article{LiElectronics2023,
  author={Z. Li and J. Shang and H. Shi},
  title={Factor Graph with Local Constraints: A Magnetic Field/Pedestrian Dead Reckoning Integrated Navigation Method Based on a Constrained Factor Graph},
  journal={Electronics},
  year={2023},
  volume={12},
  number={18},
  pages={3832}
}

%  author={Guo, Guangyi and Chen, Ruizhi and Niu, Xiaoguang and Yan, Ke and Xu, Shihao and Chen, Liang},
@ARTICLE{GuoSensors2023,
  author={Guo, G. and Chen, R. and Niu, X. and Yan, K. and Xu, S. and Chen, L.},
  journal={IEEE Sensors Journal}, 
  title={Factor Graph Framework for Smartphone Indoor Localization: Integrating Data-Driven {PDR} and {Wi-Fi RTT/RSS} Ranging}, 
  year={2023},
  volume={23},
  number={11},
  pages={12346--12354},
}

%  author={Yang, Lyuxiao and Wu, Nan and Li, Bin and Yuan, Weijie and Hanzo, Lajos},
@ARTICLE{YangIIOTJ2023,
  author={Yang, L. and Wu, N. and Li, B. and Yuan, W. and Hanzo, L.},
  journal={IEEE Internet of Things Journal}, 
  title={Indoor Localization Based on Factor Graphs: A Unified Framework}, 
  year={2023},
  volume={10},
  number={5},
  pages={4353--4366},
}

% author = {Freund, Yoav and Schapire, Robert E},
% journal = {J. Comput. Syst. Sci.},
% month = aug,
@article{Freund:1997:DGO:261540.261549,
 author = {Freund, Y. and Schapire, R. E},
 title = {A Decision-Theoretic Generalization of On-Line Learning and an Application to Boosting},
 journal = {Journal of Computer and System Sciences},
 issue_date = {Aug. 1997},
 volume = {55},
 number = {1},
 year = {1997},
 issn = {0022-0000},
 pages = {119--139},
 numpages = {21},
 url = {http://dx.doi.org/10.1006/jcss.1997.1504},
 doi = {10.1006/jcss.1997.1504},
 acmid = {261549},
 publisher = {Academic Press, Inc.},
 address = {Orlando, FL, USA},
} 

%  author = {Kendall, Alex and Grimes, Matthew and Cipolla, Roberto},
@inproceedings{conf/iccv/KendallGC15,
  author = {Kendall, A. and Grimes, M. and Cipolla, R.},
  title = {{PoseNet}: A Convolutional Network for Real-Time {6-DOF} Camera Relocalization},
  booktitle = {Proceedings of the IEEE International Conference on Computer Vision},
  pages = {2938--2946},
  year = {2015}
}

%  author={Yarin Gal and Zoubin Ghahramani},
@article{Gal2015BayesianCN,
  title={Bayesian Convolutional Neural Networks with {Bernoulli} Approximate Variational Inference},
  author={Gal, Y. and Ghahramani, Z.},
  journal={arXiv:1506.02158},
  year={2015},
}

%  booktitle={Proc. of the IEEE ICRA},
%  author={Kendall, A. and others},
@inproceedings{Kendall2016ModellingUI,
  title={Modelling uncertainty in deep learning for camera relocalization},
  author={Kendall, A. and Cipolla, R.},
  booktitle={IEEE International Conference on Robotics and Automation},
  year={2016},
  pages={4762--4769}
}

% author = {Kendall, Alex and Gal, Yarin},
% editor = {I. Guyon and U. V. Luxburg and S. Bengio and H. Wallach and R. Fergus and S. Vishwanathan and R. Garnett},
% booktitle = {Advances in Neural Information Processing Systems 30},
% publisher = {Curran Associates, Inc.},
@incollection{NIPS2017_7141,
title = {What Uncertainties Do We Need in {Bayesian} Deep Learning for Computer Vision?},
author = {Kendall, A. and Gal, Y.},
booktitle = {Advances in Neural Information Processing Systems},
pages = {5574--5584},
year = {2017},
url = {http://papers.nips.cc/paper/7141-what-uncertainties-do-we-need-in-bayesian-deep-learning-for-computer-vision.pdf}
}

%  author    = {Wentao Yuan and David Held and Christoph Mertz and Martial Hebert},
@article{DBLP:journals/corr/abs-1811-11209,
  author    = {Yuan, W. and Held, D. and Mertz, C. and Hebert, M.},
  title     = {Iterative Transformer Network for 3D Point Cloud},
  journal   = {CoRR},
  volume    = {abs/1811.11209},
  year      = {2018},
  url       = {http://arxiv.org/abs/1811.11209},
  archivePrefix = {arXiv},
  eprint    = {1811.11209},
  timestamp = {Fri, 30 Nov 2018 12:44:28 +0100},
  biburl    = {https://dblp.org/rec/bib/journals/corr/abs-1811-11209},
  bibsource = {dblp computer science bibliography, https://dblp.org}
}






%    author = {Akai, N. and others},
@inproceedings{AkaiIROS2018,
    author = {Akai, N. and Morales, L.Y. and Murase, H.},
    title = {Mobile Robot Localization Considering Class of Sensor Observations},
    booktitle = {IEEE/RSJ International Conference on Intelligent Robots and Systems},
    pages = {3159--3166},
    year = {2018},
}

%    author = {Akai, N. and others},
@inproceedings{akai_itsc2018:_observation_model_comparison,
    author = {Akai, N. and Morales, L. Y. and Hirayama, T. and Murase, H.},
    title = {Toward Localization-Based Automated Driving in Highly Dynamic Environments: Comparison and Discussion of Observation Models},
    booktitle = {Proceedings of the IEEE International Conference on Intelligent Transportation Systems},
    pages = {2215--2222},
    year = {2018},
}

%    author = {Akai, N. and others},
@inproceedings{akai_iv2018:_reliability_estimation,
    author = {Akai, N. and Morales, L. Y. and Murase, H.},
    title = {Reliability Estimation of Vehicle Localization Result},
    booktitle = {Proceedings of the IEEE Intelligent Vehicles Symposium},
    pages = {740--747},
    year = {2018},
}

%    author = {Akai, N. and others},
@inproceedings{Akai_IV2020:_3DMCL,
    author = {Akai, N. and Hirayama, T. and Murase, H.},
    title = {{3D Monte Carlo} Localization with Efficient Distance Field Representation for Automated Driving in Dynamic Environments},
    booktitle = {Proceedings of the IEEE Intelligent Vehicles Symposium},
    pages = {},
    year = {2020 (accepted)},
}

%    author = {Akai, N. and others},
@article{akai_ar2018:_pose_and_reliability_estimation,
    author = {Akai, N. and Morales, L. Y. and Murase, H.},
    title = {Simultaneous Pose and Reliability Estimation using Convolutional Neural Network and {Rao-Blackwellized} Particle Filter},
    journal = {Advanced Robotics},
    volume = {32},
    number = {17},
    pages = {930--944},
    year = {2018},
    url = {https://doi.org/10.1080/01691864.2018.1509726},
    doi = {10.1080/01691864.2018.1509726}
}




%  author    = {Fabio T. Ramos and Dieter Fox and Hugh F. Durrant{-}Whyte},
@inproceedings{DBLP:conf/rss/RamosFD07,
  author    = {Ramos, F. T. and Fox, D. and Durrant{-}Whyte, H. F.},
  title     = {{CRF-matching}: Conditional Random Fields for Feature-Based Scan Matching},
  booktitle = {Robotics: Science and Systems},
  year      = {2007},
  url       = {http://www.roboticsproceedings.org/rss03/p26.html},
  doi       = {10.15607/RSS.2007.III.026},
  timestamp = {Tue, 20 Nov 2018 00:00:00 +0100},
  biburl    = {https://dblp.org/rec/bib/conf/rss/RamosFD07},
  bibsource = {dblp computer science bibliography, https://dblp.org}
}

%  author    = {John Stechschulte and Christoffer Heckman},
@article{DBLP:journals/corr/abs-1711-05864,
  author    = {Stechschulte, J. and Heckman, C.},
  title     = {Hidden {Markov} Random Field Iterative Closest Point},
  journal   = {CoRR},
  volume    = {abs/1711.05864},
  year      = {2017},
  url       = {http://arxiv.org/abs/1711.05864},
  archivePrefix = {arXiv},
  eprint    = {1711.05864},
  timestamp = {Mon, 13 Aug 2018 16:46:42 +0200},
  biburl    = {https://dblp.org/rec/bib/journals/corr/abs-1711-05864},
  bibsource = {dblp computer science bibliography, https://dblp.org}
}

%  author    = {Di Wang and Jianru Xue and Zhongxing Tao and Yang Zhong and Dixiao Cui and Shaoyi Du and Nanning Zheng},
@inproceedings{DBLP:conf/iros/WangXTZCDZ18,
  author    = {Wang, D. and Xue, J. and Tao, Z. and Zhong, Y. and Cui, D. and Du, S. and Zheng, N.},
  title     = {Accurate Mix-Norm-Based Scan Matching},
  booktitle = {Proceedings of the IEEE/RSJ Intelligent Robots and Systems},
  pages     = {1665--1671},
  year      = {2018}
}


@inproceedings{chandran-ramesh_fsr:_assessing_map_quality,
  author    = {Chandran-Ramesh, M. and Newman, P.},
  title     = {Assessing Map Quality Using Conditional Random Fields},
  booktitle = {Field and Service Robotics},
  volume    = {42},
  pages     = {},
  year      = {2007}
}



% title = {Pattern Recognition and Machine Learning (Information Science and Statistics)},
% address = {Berlin, Heidelberg},
@book{Bishop:2006:PRM:1162264,
 author = {Bishop, C.M.},
 title = {Pattern Recognition and Machine Learning},
 year = {2006},
 isbn = {0387310738},
 publisher = {Springer-Verlag},
} 

%month={June},
%booktitle={2015 IEEE Conference on Computer Vision and Pattern Recognition (CVPR)}, 
@INPROCEEDINGS{7299064, 
author={S. {Zagoruyko} and N. {Komodakis}}, 
title={Learning to compare image patches via convolutional neural networks}, 
booktitle={Proceedings of the IEEE International Conference on Computer Vision and Pattern Recognition}, 
year={2015}, 
volume={}, 
number={}, 
pages={4353--4361}, 
keywords={computer vision;convolution;learning (artificial intelligence);neural net architecture;learning;image patch;convolutional neural network;CNN;similarity function;computer vision;neural network architecture;Computer architecture;Training;Neural networks;Adaptation models;Computational modeling;Convolutional codes;Benchmark testing}, 
doi={10.1109/CVPR.2015.7299064}, 
ISSN={1063-6919}, 
}

%  author    = {Anestis Zaganidis and Alexandros Zerntev and Tom Duckett and Grzegorz Cielniak},
@inproceedings{DBLP:conf/iros/ZaganidisZDC19,
  author    = {A. Zaganidis and A. Zerntev and T. Duckett and G. Cielniak},
  title     = {Semantically Assisted Loop Closure in {SLAM} Using {NDT} Histograms},
  booktitle = {Proceedings of the IEEE/RSJ International Conference on Intelligent Robots and Systems},
  pages     = {4562--4568},
  year      = {2019},
  url       = {https://doi.org/10.1109/IROS40897.2019.8968140},
  doi       = {10.1109/IROS40897.2019.8968140},
}





























%    author = {Hornung, Armin and Wurm, Kai M. and Bennewitz, Maren and Stachniss, Cyrill and Burgard, Wolfram},
%    journal = {Auton. Robots},
@article{hornung_ar2013:_octomap,
    author = {Hornung, A. and Wurm, K. M. and Bennewitz, M. and Stachniss, C. and Burgard, W.},
    title = {OctoMap: An Efficient Probabilistic 3D Mapping Framework Based on Octrees},
    journal = {Autonomous Robots},
    issue_date = {April 2013},
    volume = {34},
    number = {3},
    month = apr,
    year = {2013},
    issn = {0929-5593},
    pages = {189--206},
    numpages = {18},
    url = {http://dx.doi.org/10.1007/s10514-012-9321-0},
    doi = {10.1007/s10514-012-9321-0},
    acmid = {2458796},
    publisher = {Kluwer Academic Publishers},
    address = {Hingham, MA, USA},
    keywords = {3D, Mapping, Navigation, Probabilistic},
} 

@booklet{つくばチャレンジ2017参加レポート集,
    title = {つくばチャレンジ2017参加レポート集},
    month = {Jan.},
    year = {2018},
}

@article{原祥尭201615-00421,
    title = {確率的に蓄積したスキャン形状により過去を考慮したRao-Blackwellized Particle Filter SLAM},
    author = {原祥尭 他},
    journal = {日本機械学会論文集},
    volume = {82},
    number = {834},
    pages = {15-00421-15-00421},
    year = {2016},
    doi = {10.1299/transjsme.15-00421}
}

@article{kotecha_bmb2008:_visual_function_to_drive,
    author = {Kotecha, A. and Spratt, A. and Viswanathan, A.},
    title = {Visual Function and Fitness to Drive},
    journal = {British Medical Bulletin},
    volume = {87},
    number = {1},
    pages = {163-174},
    year = {2008},
    doi = {10.1093/bmb/ldn028},
    URL = {http://dx.doi.org/10.1093/bmb/ldn028},
    eprint = {/oup/backfile/content_public/journal/bmb/87/1/10.1093/bmb/ldn028/2/ldn028.pdf}
}

@article{kavraki_troa1996:_probabilistic_roadmaps,
    title = {Probabilistic Roadmaps for Path Planning in High-Dimensional Configuration Spaces},
    author = {Kavraki, L. E. and Svestka, P. and Latombe, Jean-Claude and Overmars, M. H.},
    journal = {IEEE Transactions Robotics and Automation},
    year = {1996},
    volume = {12},
    number = {4},
    pages = {566--580}
}

@article{hirayama_ijvt2013:_driver_distraction_detection,
    title = {Analysis of Temporal Relationships between Eye Gaze and Peripheral Vehicle Behavior for Detecting Driver Distraction},
    author = {Hirayama, T. and Mase, K. and Takeda, K.},
    journal = {International Journal of Vehicular Technology},
    year = {2013},
    volume = {2013},
    number = {285927},
    pages = {},
    doi = {http://dx.doi.org/10.1155/2013/285927}
}

@article{hirayama_itiv2016:_classification_cognitive_distraction,
    title = {Classification of Driver's Neutral and Cognitive Distraction States Based on Peripheral Vehicle Behavior in Driver's Gaze Transition},
    author = {Hirayama, T. and Mase, K. and Miyajima, C. and Takeda, K.},
    journal = {IEEE Transactions on Intelligent Vehicles},
    year = {2016},
    volume = {1},
    number = {2},
    pages = {148--157},
    doi = {10.1109/TIV.2016.2599786}
}

@article{michon_hbts1985:_a_critical_view_of_driver_behavior_models,
    title = {A Critical View of Driver Behavior Models: What Do We Know, What Should We Do?},
    author = {Michon, J. A.},
    journal = {Human Behavior and Traffic Safety},
    year = {1985},
    volume = {},
    number = {},
    pages = {485--520},
    doi = {https://doi.org/10.1007/978-1-4613-2173-6_19}
}

@article{land_nature1992:_predictable_eye-head_coordination,
    title = {Predictable Eye-Head Coordination During Driving},
    author = {Land, M. F.},
    journal = {Nature},
    year = {1992},
    volume = {359},
    number = {6393},
    pages = {318--320},
    doi = {http://dx.doi.org/10.1038/359318a0}
}

@article{ji_rti2002:_real_time_tracking,
    title = {Real-Time Eye, Gaze, and Face Pose Tracking for Monitoring Driver Vigilance},
    author = {Ji, Q. and Yang, X.},
    journal = {Real-Time Imaging},
    year = {2002},
    volume = {8},
    number = {},
    pages = {357--377},
    doi = {10.1006/rtim.2002.0279}
}

@article{rains_vr1963:_human_reaction_time,
    title = {Signal Luminance and Position Effects in Human Reaction Time},
    author = {Rains, J. D.},
    journal = {Vision Research},
    year = {1963},
    volume = {3},
    number = {},
    pages = {239--251},
    doi = {}
}

@article{mansfield_vr1973:_latencyfunctions,
    title = {Latency Functions in Human Vision},
    author = {Mansfield, R. J. W.},
    journal = {Vision Research},
    year = {1973},
    volume = {13},
    number = {},
    pages = {2219--2234},
    doi = {}
}

@article{ikeda_p&f1975:_influence_of_foveal_load,
    title = {Influence of Foveal Load on the Functional Visual Field},
    author = {Ikeda, M. and Takeuchi, T.},
    journal = {Perception \& Psychophysics},
    year = {1975},
    volume = {18},
    number = {4},
    pages = {255--260},
    doi = {10.1006/rtim.2002.0279}
}

@article{rogers_i-p2017:_peripheral_visual_cues,
    title = {Peripheral Visual Cues Contribute to the Perception of Object Movement During Self-Movement},
    author = {Rogers, C. and Rushton, S. K. and Warren, P. A.},
    journal = {i-Perception},
    year = {2017},
    volume = {},
    number = {},
    pages = {},
    doi = {10.1177/2041669517736072}
}

@article{miura_viv1986:_peripheral_vision_performance,
    author = {Miura, T.},
    title = {Coping with Situational Demands: A study of Eye Movements and Peripheral Vision Performance},
    journal = {Vision in Vehicles},
    publisher = {Elsevier Science Publishers B. V.},
    year = {1986},
    pages = {205--216},
    URL = {https://ci.nii.ac.jp/naid/10003263255/}
}

@article{miura_jiatss1992:_visual_search_in_intersections,
    author = {Miura, T.},
    title = {Visual Search in Intersections: An Underlying Mechanism},
    journal = {Journal of International Association of Traffic and Safety Sciences},
    year = {1992},
    volume = {16},
    pages = {42--49},
}

@article{ishihara_hms2002:_lateralized_effects,
    author = {Ishihara, M. and Imanaka, K. and Mori, S.},
    title = {Lateralized Effects of Target Location on Reaction Times When Preparing for Manual Aiming at a Visual Target},
    journal = {Human Movement Science},
    year = {2002},
    volume = {21},
    pages = {563--582},
}

@article{rasmussen_smc1983:_srk_model,
    author = {Rasmussen, J.},
    title = {Skills, Rules, and Knowledge; Signals, Signs, and Symbols, and Other Distinctions in Human Performance Models},
    journal = {IEEE Transactions on Systems, Man, and Cybernetics},
    year = {1983},
    volume = {13},
    number = {3},
    month = {May},
    pages = {257--266},
}

@article{horswill_ps2008:_hazard_perception_ability,
    author = {Horswill, M. S. and Marrington, S. A. and McCullough, C. M. and Wood, J. and Pachana, N. A. and McWilliam, J. and Raikos, M. K.},
    title = {The Hazard Perception Ability of Older Drivers},
    journal = {Journal of Gerontology: PSYCHOLOGICAL SCIENCES},
    year = {2008},
    volume = {63},
    series = {Series B},
    number = {4},
    month = {July},
    pages = {212--218},
}

@article{redmon_arxiv2018:_yolov3,
    author = {Redmon, J. and Farhadi, A.},
    title = {YOLOv3: An Incremental Improvement},
    journal = {CoRR},
    volume = {abs/1804.02767},
    year = {2018},
    url = {http://arxiv.org/abs/1804.02767},
    archivePrefix = {arXiv},
    eprint = {1804.02767},
    timestamp = {Mon, 13 Aug 2018 16:48:24 +0200},
    biburl = {https://dblp.org/rec/bib/journals/corr/abs-1804-02767},
    bibsource = {dblp computer science bibliography, https://dblp.org}
}

@inproceedings{tomono_icra2004:_global_localization,
    author = {Tomono, M.},
    title = {A Scan Matching Method using Euclidean Invariant Signature for Global Localization and Map Building},
    booktitle = {Proc. IEEE ICRA},
    pages = {866--871},
    year = {2004}
}

@inproceedings{irie_robomech2017:_p2o,
    author = {Irie, K. and others},
    title = {A Compact and Portable Implementation of Graph-based SLAM},
    booktitle = {Proc. ROBOMECH},
    pages = {2P2--B01},
    year = {2017}
}

@inproceedings{hess_icra2016:_cartographer_slam,
    author = {Hess, W. and others},
    title = {Real-time Loop Closure in 2D LIDAR SLAM},
    booktitle = {Proc. IEEE ICRA},
    pages = {1271--1278},
    year = {2016}
}

%    author = {Takeuchi, E. and Tsubouchi, T.},
@inproceedings{takeuchi_iros2006:_ndt,
    author = {Takeuchi, E. and others},
    title = {A 3-D Scan Matching Using Improved 3-D Normal Distributions Transform for Mobile Robotic Mapping},
    booktitle = {Proc. IEEE/RSJ IROS},
    pages = {3068--3073},
    year = {2006}
}

%    author = {Gutmann, J. and Fox, D.},
@inproceedings{gutmann_iros2002:_amcl,
    author = {Gutmann, J. and others},
    title = {An Experimental Comparison of Localization Methods Continued},
    booktitle = {Proc. IEEE/RSJ IROS},
    pages = {454--459},
    year = {2002}
}

%    author = {Zhen, W. and Zeng, S. and Scherer, S.},
@inproceedings{zhen_icra2017:_localizability_estimation,
    author = {Zhen, W. and others},
    title = {Robust Localization and Localizability Estimation with a Rotating Laser Scanner},
    booktitle = {Proc. IEEE ICRA},
    pages = {6240--6245},
    year = {2017}
}

%    author = {Thrun, S. and others},
@book{Thrun:2005:PR:1121596,
    author = {Thrun, S. and Burgard, W. and Fox, D.},
    title = {Probabilistic Robotics},
    year = {2005},
    isbn = {0262201623},
    publisher = {The MIT Press},
} 

@book{henson_1993:_vf,
    author = {Henson, D. B.},
    title = {Visual Fields},
    year = {1993},
    isbn = {},
    publisher = {Oxford University Press},
}

@book{findlay_2003:_active_vision,
    author = {Findlay, J. M. and Gilchrist, I. D.},
    title = {Active Vision},
    year = {2003},
    isbn = {},
    publisher = {Oxford University Press},
}

%    author = {Akai, N. and others},
%    booktitle = {Proc. IEEE IV},
@inproceedings{akai_iv2017:_ndt_with_experimentally_determined_uncertainty,
    author = {Akai, N. and Morales, L. Y. and Takeuchi, E. and Yoshihara, Y. and Ninomiya, Y.},
    title = {Robust Localization Using {3D NDT} Scan Matching with Experimentally Determined Uncertainty and Road Marker Matching},
    booktitle = {Proceedings of the IEEE Intelligent Vehicles Symposium},
    pages = {1357--1364},
    year = {2017},
}

%    author = {Akai, N. and others},
%    booktitle = {Proc. IEEE ITSC},
@inproceedings{akai_itsc2017:_automated_driving,
    author = {Akai, N. and Morales, L. Y. and Yamaguchi, T. and Takeuchi, E. and Yoshihara, Y. and Okuda, H. and Suzuki, T. and Ninomiya, Y.},
    title = {Autonomous Driving Based on Accurate Localization Using Multilayer {LiDAR} and Dead Reckoning},
    booktitle = {Proceedings of the IEEE International Conference on Intelligent Transportation Systems},
    pages = {1147--1152},
    year = {2017},
}

%    booktitle = {Proc. IEEE ITSC},
@inproceedings{morales_itsc2018:_predictive_driving,
    author = {Morales, L. Y. and Akai, N. and Murase, H.},
    title = {Towards Predictive Driving through Blind Intersections},
    booktitle = {Proceedings of the IEEE International Conference on Intelligent Transportation Systems},
    pages = {},
    year = {2018 (accepted)},
}

%    author = {Ueda, R. and Arai, T. and Sakamoto, K. and Kikuchi, T. and Kamiya, S.},
@inproceedings{ueda_iros2004:_expansion_resetting,
    author = {Ueda, R. and others},
    title = {Expansion Resetting for Recovery from Fatal Error in Monte Carlo Localization -Comparison with Sensor Resetting Methods-},
    booktitle = {Proc. IEEE/RSJ IROS},
    pages = {2481--2486},
    year = {2004},
}

%    author = {Zagoruyko, S. and Komodakis, N.},
@inproceedings{zagoruyko_cvpr2015:_two_channel_model,
    author = {Zagoruyko, S. and others},
    title = {Learning to Compare Image Patches via Convolutional Neural Networks},
    booktitle = {Proc. IEEE CVPR},
    pages = {4353--4361},
    year = {2015},
}

%    booktitle = {Proc. IEEE ITSC},
@inproceedings{takeuchi_itsc2015:_blind_area_prediction,
    author = {Takeuchi, E. and Yoshihara, Y. and Yoshiki, N.},
    title = {Blind Area Traffic Prediction Using High Definition Maps and LiDAR for Safe Driving Assist},
    booktitle = {Proceedings of the IEEE International Conference on Intelligent Transportation Systems (ITSC)},
    pages = {2311--2316},
    year = {2015},
}

@inproceedings{morales_iv2017:_proactive_driving_modeling,
    author = {Morales, L. Y. and Yoshihara, Y. and Akai, N. and Takeuchi, E. and Ninomiya, Y.},
    title = {Proactive Driving Modeling in Blind Intersections Based on Expert Driver Data},
    booktitle = {Proceedings of the IEEE Intelligent Vehicles Symposium (IV)},
    pages = {901--907},
    year = {2017}
}

@inproceedings{yoshihara_iros2017:_predictive_driving,
    author = {Yoshihara, Y. and Morales, L. Y. and Akai, N. and Takeuchi, E. and Ninomiya, Y.},
    title = {Autonomous Predictive Driving for Blind Intersections},
    booktitle = {Proceedings of the IEEE/RSJ Intelligent Robots and Systems (IROS)},
    pages = {3452--3459},
    year = {2017}
}

@inproceedings{morales_icra2014:_visibility_analysis,
    author = {Morales, L. Y. and Even, J. and Kallakuri, N. and Ikeda, T. and Shinozawa, K. and Kondo, T.  and Hagita, N.},
    title = {Visibility Analysis for Autonomous Vehicle Comfortable Navigation},
    booktitle = {Proceedings of the IEEE International Conference on Robotics and Automation (ICRA)},
    pages = {2197--2202},
    year = {2014}
}

@inproceedings{sawabe_icves2015:_comfortable_autonomous_navigation,
    author = {Sawabe, T. and Kanbara, K. and Ukita, N. and Ikeda, T. and Morales, L. Y. and Watanabe, A. and Hagita, N.},
    title = {Comfortable Autonomous Navigation Based on Collision Prediction in Blind Occluded Regions},
    booktitle = {Proceedings of the IEEE International Conference on Vehicular Electronics and Safety (ICVES)},
    pages = {87--92},
    year = {2015}
}

@inproceedings{koga_iv2016:_mpc,
    author = {Koga, A. and Okuda, H. and Tazaki, Y. and Suzuki, T. and Haraguchi, K. and Kang, Z.},
    title = {Realization of Different Driving Characteristics for Autonomous Vehicle by Using Model Predictive Control},
    booktitle = {Proceedings of the IEEE Intelligent Vehicles Symposium (IV)},
    pages = {722--728},
    year = {2016}
}

@inproceedings{muffert_iv2012:_roundabout,
    author = {Muffert, M. and Milbich, T. and Pfeiffer, D. and Franke, U.},
    title = {May I Enter the Roundabout? A Time-to-Contact Computation Based on Stereo-Vision},
    booktitle = {Proceedings of the IEEE Intelligent Vehicles Symposium (IV)},
    pages = {565--570},
    year = {2012}
}

@inproceedings{hrmann_iv2017:_entering_crossroads_with_blind_corners,
    author = {H{\"o}rmann, S. and Kunz, F. and Nuss, D. and Reuter, S. and Dietmayer, K.},
    title = {Entering Crossroads with Blind Corners. A Safe Strategy for Autonomous Vehicles},
    booktitle = {Proceedings of the IEEE Intelligent Vehicles Symposium (IV)},
    pages = {727-732},
    year = {2017}
}

@inproceedings{kuderer_icra2015:_learning_driving_styles,
    author = {Kuderer, M. and Gulati, S. and Burgard, W.},
    title = {Learning Driving Styles for Autonomous Vehicles from Demonstration},
    booktitle = {Proceedings of the IEEE International Conference on Robotics and Automation (ICRA)},
    pages = {2641--2646},
    year = {2015},
    doi = {10.1109/ICRA.2015.7139555}
}

@inproceedings{richter_rss2017:_safe_visual_navigation,
    author = {Richter, C. and Roy, N.},
    title = {Safe Visual Navigation via Deep Learning and Novelty Detection},
    booktitle = {Robotics: Science and Systems (RSS)},
    year = {2017},
    url = {http://www.roboticsproceedings.org/rss13/p64.html},
    timestamp = {Mon, 15 Jan 2018 18:49:27 +0100},
    biburl = {https://dblp.org/rec/bib/conf/rss/RichterR17},
    bibsource = {dblp computer science bibliography, https://dblp.org}
}

@inproceedings{tawari_itsc2014:_where_is_the_driver_looking,
    author = {Tawari, A. and Chen, K. H. and Trivedi, M. M.},
    title = {Where is the Driver Looking: Analysis of Head, Eye and Iris for Robust Gaze Zone Estimation},
    booktitle = {Proceedings of the IEEE International Conference on Intelligent Transportation Systems (ITSC)},
    pages = {988--994},
    year = {2014}
}

@inproceedings{doshi_iv2009:_vehicle_surround_analysis,
    author = {Doshi, A. and Trivedi, M.},
    title = {Investigating the Relationships Between Gaze Patterns, Dynamic Vehicle Surround Analysis, and Driver Intentions},
    booktitle = {Proceedings of the IEEE Intelligent Vehicles Symposium (IV)},
    pages = {887--892},
    year = {2009},
    doi = {10.1109/IVS.2009.5164397}
}

@inproceedings{miyajima_iv2015:_analyzing_driver_gaze_behavior,
    author = {Miyajima, C. and Yamazaki, S. and Bando, T. and Hitomi, K. and Terai, H. and Okuda, H. and Hirayama, T. and Egawa, M. and Suzuki, T. and Takeda, K.},
    title = {Analyzing Driver Gaze Behavior and Consistency of Decision Making During Automated Driving},
    booktitle = {Proceedings of the IEEE Intelligent Vehicles Symposium (IV)},
    pages = {1293--1298},
    year = {2015},
    doi = {10.1109/IVS.2015.7225894}
}

@inproceedings{paletta_chi2013:_3d_attention,
    author = {Paletta, L. and Santner, K. and Fritz, G. and Mayer, H. and Schrammel, J.},
    title = {3D Attention: Measurement of Visual Saliency Using Eye Tracking Glasses},
    booktitle = {CHI '13 Extended Abstracts on Human Factors in Computing Systems},
    series = {CHI EA '13},
    pages = {199--204},
    year = {2013},
    numpages = {6},
    url = {http://doi.acm.org/10.1145/2468356.2468393},
    publisher = {ACM},
    doi = {10.1145/2468356.2468393}
}

@inproceedings{wang_etra2018:_slam-based_eye_tracking,
    author = {Wang, H. and Pi, J. and Qin, T. and Shen, S. and Shi, B. E.},
    title = {SLAM-based Localization of 3D Gaze Using a Mobile Eye Tracker},
    booktitle = {Proceedings of the 2018 ACM Symposium on Eye Tracking Research \& Applications},
    series = {ETRA '18},
    year = {2018},
    isbn = {978-1-4503-5706-7},
    location = {Warsaw, Poland},
    pages = {65:1--65:5},
    articleno = {65},
    numpages = {5},
    url = {http://doi.acm.org/10.1145/3204493.3204584},
    doi = {10.1145/3204493.3204584},
    acmid = {3204584},
    publisher = {ACM},
    address = {New York, NY, USA},
    keywords = {3D gaze estimation, RGB-D camera, SLAM, eye tracker, human-robot interaction, point cloud},
}

@inproceedings{rhinehart_iccv2017:_first-person_activity_forecasting,
    author = {Rhinehart, N. and Kitani, K.},
    title = {First-Person Activity Forecasting with Online Inverse Reinforcement Learning},
    booktitle = {Proceedings of the IEEE International Conference on Computer Vision (ICCV)},
    pages = {3696--3705},
    year = {2017},
    url = {https://www.ri.cmu.edu/wp-content/uploads/2017/11/Rhinehart_First-Person_Activity_Forecasting_ICCV_2017_paper.pdf}
}

@inproceedings{kitani_eccv2012:_activity_forecasting,
    author = {Kitani, K. M. and Ziebart, B. D. and Bagnell, J. A. and Hebert, M.},
    title = {Activity Forecasting},
    booktitle = {European Conference on Computer Vision (ECCV)},
    pages = {},
    year = {2012}
}

@article{akai_2014jrm:_autonomous_navigation,
    title = {Autonomous Navigation Based on Magnetic and Geometric Landmarks on Environmental Structure in Real World},
    author = {Akai, N. and Inoue, K. and Ozaki, K.},
    journal = {Journal of Robotics and Mechatronics},
    volume = {26},
    number = {2},
    pages = {158--165},
    year = {2014},
    doi = {10.20965/jrm.2014.p0158}
}

@article{akai_jrm2014:_sara,
    title = {Development of Mobile Robot ``SARA''that Completed Mission in Real World Robot Challenge 2014},
    author = {Akai, N. and others},
    journal = {J. Robot. Mechatron.},
    volume = {27},
    number = {4},
    pages = {327--336},
    year = {2015},
    doi = {10.20965/jrm.2015.p0327}
}

% author = {Van Der Merwe, Rudolph and Doucet, Arnaud and De Freitas, Nando and Wan, Eric},
% booktitle = {Proceedings of the 13th International Conference on Neural Information Processing Systems},
% publisher = {MIT Press},
% address = {Cambridge, MA, USA},
@inproceedings{VanDerMerwe:2000:UPF:3008751.3008833,
 author = {van der Merwe, R. and Doucet, A. and de Freitas, N. and Wan, E.},
 title = {The Unscented Particle Filter},
 booktitle = {Proceedings of the International Conference on Neural Information Processing Systems},
 year = {2000},
 pages = {563--569},
 numpages = {7},
 url = {http://dl.acm.org/citation.cfm?id=3008751.3008833},
 acmid = {3008833},
}

@inproceedings{charles17cvpr,
    author = {R. Q. Charles and H. Su and M. Kaichun and L. J. Guibas},
    booktitle = {Proceedings of the IEEE International Conference on Computer Vision and Pattern Recognition},
    title = {{PointNet}: Deep Learning on Point Sets for {3D} Classification and Segmentation},
    pages = {},
    year = {2017}
}

@article{Akai_RA-L2019:MisalignmentRU,
    title = {Misalignment Recognition Using {Markov} Random Fields with Fully Connected Latent Variables for Detecting Localization Failures},
    author = {Akai, N. and Morales, L. Y. and Hirayama, T. and Murase, H.},
    journal = {IEEE Robotics and Automation Letters},
    volume = {4},
    number = {4},
    pages = {3955-3962},
    year = {2019},
    doi = {10.1109/LRA.2019.2929999}
}

%    author ={Abhinav Valada and Noha Radwan and Wolfram Burgard},
@inproceedings{valada18icra,
    author = {A. Valada and N. Radwan and W. Burgard},
    booktitle = {Proceedings of the IEEE International Conference on Robotics and Automation},
    title = {Deep Auxiliary Learning for Visual Localization and Odometry},
    pages = {6939--6946},
    year = {2018} 
}

%  author={Huan Yin and Li Tang and Xiaqing Ding and Yue Wang and Rong Xiong},
%  journal={2018 IEEE Intelligent Vehicles Symposium (IV)},
@inproceedings{Yin2018LocNetGL,
  title={{LocNet}: Global Localization in {3D} Point Clouds for Mobile Vehicles},
  author={H. Yin and L. Tang and X. Ding and Y. Wang and R. Xiong},
  journal={Proceedings of the IEEE Intelligent Vehicles Symposium},
  year={2018},
  pages={728--733}
}

@inproceedings{brahmbhatt18cvpr,
    author = {S. Brahmbhatt and J. Gu and K. Kim and J. Hays and J. Kautz},
    booktitle = {Proceedings of the IEEE International Conference on Computer Vision and Pattern Recognition},
    title = {Geometry-Aware Learning of Maps for Camera Localization},
    pages = {},
    year = {2018} 
}

%  author    = {Noha Radwan and Abhinav Valada and Wolfram Burgard},
%  journal   = {CoRR},
%  volume    = {abs/1804.08366},
@article{DBLP:journals/corr/abs-1804-08366,
  author    = {N. Radwan and A. Valada and W. Burgard},
  title     = {{VLocNet++}: Deep Multitask Learning for Semantic Visual Localization and Odometry},
  journal   = {arXive:1804.08366},
  year      = {2018},
  url       = {http://arxiv.org/abs/1804.08366},
}

%  author    = {Daniele Cattaneo and Matteo Vaghi and Augusto Luis Ballardini and Simone Fontana and Domenico Giorgio Sorrenti and Wolfram Burgard},
%  journal   = {CoRR},
%  volume    = {abs/1906.10109},
@article{DBLP:journals/corr/abs-1906-10109,
  author    = {D. Cattaneo and M. Vaghi and A. L. Ballardini and S. Fontana and D. G. Sorrenti and W. Burgard},
  title     = {{CMRNet}: Camera to {LiDAR}-Map Registration},
  journal   = {arXiv:1906.10109},
  year      = {2019},
  url       = {http://arxiv.org/abs/1906.10109},
}

%  author    = {Wentao Yuan and David Held and Christoph Mertz and Martial Hebert},
%  journal   = {CoRR},
%  volume    = {abs/1811.11209},
@article{it-net,
  author    = {W. Yuan and D. Held and C. Mertz and M. Hebert},
  title     = {Iterative Transformer Network for {3D} Point Cloud},
  journal   = {arXiv:1811.11209},
  year      = {2018},
  url       = {http://arxiv.org/abs/1811.11209},
}

@inproceedings{amini19icra,
    author = {Amini, A. and Rosman, G. and Karaman, S. and Rus, D.},
    booktitle = {Proceedings of the IEEE International Conference on Robotics and Automation},
    title = {Variational End-to-End Navigation and Localization},
    pages = {},
    year = {2019} 
}

@inproceedings{lu19cvpr,
    author = {W. Lu and Y. Zhou and G. Wan and S. Hou and S. Song},
    booktitle = {Proceedings of the IEEE International Conference on Computer Vision and Pattern Recognition},
    title = {{$L^{3}$-Net}: Towards Learning based {LiDAR} Localization for Autonomous Driving},
    pages = {},
    year = {2019} 
}

@INPROCEEDINGS{8202236, 
author={J. {Li} and H. {Zhan} and B. M. {Chen} and I. {Reid} and G. H. {Lee}}, 
booktitle={Proceedings of the IEEE/RSJ International Conference on Intelligent Robots and Systems}, 
title={Deep learning for {2D} scan matching and loop closure}, 
year={2017}, 
volume={}, 
number={}, 
pages={763--768}, 
keywords={autonomous aerial vehicles;learning (artificial intelligence);mobile robots;optical radar;robot vision;SLAM (robots);distinctive features;2D LiDAR range scans;scan-to-submap matching;loop closure detection;loop detection ConvNet;scan matching ConvNet;raw LiDAR scans;simultaneous localization-and-mapping;SLAM;end-to-end deep learning framework;unmanned aerial vehicle;UAV;Feature extraction;Laser radar;Training;Two dimensional displays;Machine learning;Simultaneous localization and mapping}, 
doi={10.1109/IROS.2017.8202236}, 
ISSN={2153-0866}, 
}

%  author={Dimity Miller and Lachlan Nicholson and Feras Dayoub and Niko S{\"u}nderhauf},
@inproceedings{Miller2017DropoutSF,
  title={Dropout Sampling for Robust Object Detection in Open-Set Conditions},
  author={D. Miller and L. Nicholson and F. Dayoub and N. S{\"u}nderhauf},
  journal={Proceedings of the IEEE International Conference on Robotics and Automation},
  year={2017},
  pages={}
}

@INPROCEEDINGS{7989235,
author={V. Peretroukhin and L. Clement and J. Kelly}, 
booktitle={Proceedings of the IEEE International Conference on Robotics and Automation}, 
title={Reducing drift in visual odometry by inferring sun direction using a {Bayesian} Convolutional Neural Network}, 
year={2017}, 
volume={}, 
number={}, 
pages={2035-2042}, 
keywords={Bayes methods;convolution;image colour analysis;image fusion;Monte Carlo methods;neural nets;object detection;stereo image processing;vectors;drift reduction;Bayesian convolutional neural network;3D sun direction vector;RGB image;Monte Carlo dropout scheme;sliding window stereo visual odometry pipeline;optimal data fusion;Bayesian sun detection model;KITTI odometry benchmark training set;translational ARMSE;rotational ARMSE;Bayesian CNN sun estimator;Caffe;Sun;Bayes methods;Neural networks;Visualization;Pipelines;Training}, 
}

@article{wang17ijrr,
  author    = {S. Wang and R. Clark and H. Wen and N. Trigoni},
  title     = {End-to-end, sequence-to-sequence probabilistic visual odometry through deep neural networks},
  journal   = {The International Journal of Robotics Research},
  volume    = {37},
  number    = {4-5},
  pages     = {513--542},
  year      = {2017},
}

@INPROCEEDINGS{huang2018eccv,
author={P.-Y. Huang and W.-T. Hsu and C.-Y. Chiu and T.-F. Wu and M. Sun}, 
booktitle={European Conference on Computer Vision}, 
title={Efficient Uncertainty Estimation for Semantic Segmentation in Videos}, 
year={2018}, 
}

@inproceedings{sattler19cvpr,
    author = {T. Sattler and Q. Zhou and M. Pollefeys and L. Leal-Taix{\'e}},
    booktitle = {Proceedings of the IEEE International Conference on Computer Vision and Pattern Recognition},
    title = {Understanding the Limitations of {CNN-based} Absolute Camera Pose Regression},
    pages = {3302--3312},
    year = {2019} 
}

%  author={Chollet, Fran\c{c}ois and others},
@misc{chollet2015keras,
  title={Keras},
  author={Chollet, F. and others},
  year={2015},
  howpublished={\url{https://keras.io}},
}

% author = {Alex Krizhevsky and Sutskever, Ilya and Hinton, Geoffrey E},
% editor = {F. Pereira and C. J. C. Burges and L. Bottou and K. Q. Weinberger},
% publisher = {Curran Associates, Inc.},
% booktitle = {Advances in Neural Information Processing Systems 25},
@incollection{NIPS2012_4824,
title = {ImageNet Classification with Deep Convolutional Neural Networks},
author = {Krizhevsky, A. and Sutskever, I. and Hinton, G. E},
booktitle = {Advances in Neural Information Processing Systems},
pages = {1097--1105},
year = {2012},
url = {http://papers.nips.cc/paper/4824-imagenet-classification-with-deep-convolutional-neural-networks.pdf}
}

%  title = {{SemanticKITTI: A Dataset for Semantic Scene Understanding of LiDAR Sequences}},
%  booktitle = {Proc. of the IEEE/CVF International Conf.~on Computer Vision (ICCV)},
@inproceedings{behley2019iccv,
  author = {J. Behley and M. Garbade and A. Milioto and J. Quenzel and S. Behnke and C. Stachniss and J. Gall},
  title = {{SemanticKITTI}: A Dataset for Semantic Scene Understanding of {LiDAR} Sequences},
  booktitle = {IEEE/CVF International Conference on Computer Vision},
  pages = {9297--9307},
  year = {2019}
}

%  title = {{Are we ready for Autonomous Driving? The KITTI Vision Benchmark Suite}},
%  booktitle = {Proc.~of the IEEE Conf.~on Computer Vision and Pattern Recognition (CVPR)},
@inproceedings{geiger2012cvpr,
  author = {A. Geiger and P. Lenz and R. Urtasun},
  title = {Are we ready for Autonomous Driving? {The KITTI} Vision Benchmark Suite},
  booktitle = {Proceedings of the IEEE Conference on Computer Vision and Pattern Recognition},
  pages = {3354--3361},
  year = {2012}
}

@article{Shelhamer2017FCN,
  title={Fully Convolutional Networks for Semantic Segmentation},
  author={E. Shelhamer and J. Long and T. Darrell},
  journal={IEEE Transactions on Pattern Analysis and Machine Intelligence},
  volume={39},
  number={4},
  pages={640--651},
  year={2017}
}

%  author={Badrinarayanan, Vijay and Kendall, Alex, and Cipolla, Roberto},
%  publisher={IEEE}
@article{badrinarayanan2015segnet,
  title={SegNet: A Deep Convolutional Encoder-Decoder Architecture for Image Segmentation},
  author={Badrinarayanan, V. and Kendall, A. and Cipolla, R.},
  journal={IEEE Transactions on Pattern Analysis and Machine Intelligence},
  volume={39},
  number={12},
  pages={2481--2495},
  year={2017}
}

%  author={Erik Stenborg and Carl Toft and Lars Hammarstrand},
@inproceedings{Stenborg2018LongTermVL,
  title={Long-Term Visual Localization Using Semantically Segmented Images},
  author={E. Stenborg and C. Toft and L. Hammarstrand},
  journal={Proceedings of the IEEE International Conference on Robotics and Automation},
  year={2018},
  pages={6484--6490}
}

@article{Vaquero2019ImprovingMapRL,
  title={Improving Map Re-localization with Deep `Movable' Objects Segmentation on {3D LiDAR} Point Clouds},
  author={V. Vaquero and K. Fischer and F. Moreno-Noguer and A. Sanfeliu and S. Milz},
  journal={arXiv:1910.03336},
  year={2019}
}

@inproceedings{Landrieu2017LargeScalePC,
  title={Large-scale Point Cloud Semantic Segmentation with Superpoint Graphs},
  author={L. Landrieu and M. Simonovsky},
  journal={Proceedings of the IEEE/CVF International Conference on Computer Vision},
  year={2017},
  pages={4558--4567}
}

%month={Sep.}
@INPROCEEDINGS{8206198, 
author={A. {Dewan} and G. L. {Oliveira} and W. {Burgard}}, 
booktitle={Proceedings of the IEEE/RSJ International Conference on Intelligent Robots and Systems}, 
title={Deep semantic classification for {3D LiDAR} data}, 
year={2017}, 
volume={}, 
number={}, 
pages={3544--3549}, 
keywords={Bayes methods;filtering theory;image motion analysis;learning (artificial intelligence);neural nets;optical radar;pose estimation;standard benchmark dataset;learned semantic cues;Bayes filter framework;pointwise motion;dynamic points;deep neural network;nonmovable points;autonomous system;pointwise semantic classification;dynamic environments;3D LiDAR data;Semantics;Laser radar;Three-dimensional displays;Training;Two dimensional displays;Dynamics;Neural networks}, 
doi={10.1109/IROS.2017.8206198}, 
ISSN={2153-0866}, 
}

%  author={Xieyuanli Chen and Andres Milioto Emanuele Palazzolo and Philippe Gigu{\`e}re and Jens Behley and Cyrill Stachniss},
@article{Chen2019SuMaEL,
  title={{SuMa++}: Efficient {LiDAR-based} Semantic {SLAM}},
  author={X. Chen and A. Milioto and E. Palazzolo and P. Gigu{\`e}re and J. Behley and C. Stachniss},
  journal={Proceedings of the IEEE/RSJ International Conference on Intelligent Robots and Systems},
  year={2019},
  pages={4530--4537}
}

% month={June}
@INPROCEEDINGS{6247782, 
author={H. {Lim} and S. N. {Sinha} and M. F. {Cohen} and M. {Uyttendaele}}, 
booktitle={Proceedings of the IEEE/CVF Conference on Computer Vision and Pattern Recognition}, 
title={Real-time image-based {6-DOF} localization in large-scale environments}, 
year={2012}, 
volume={}, 
number={}, 
pages={1043--1050}, 
keywords={feature extraction;image matching;image motion analysis;image reconstruction;object tracking;pose estimation;video signal processing;real-time image-based 6-DOF localization;large-scale environments;offline reconstruction;structure from motion;monocular video;6- DOF camera pose;natural feature tracking;Sfm point cloud;keypoint tracker;binary feature descriptors;2D-to-3D matching;indexed database;DAISY descriptors;mobile computer;onboard computation;quadrotor micro aerial vehicle;laptop;Cameras;Real time systems;Feature extraction;Databases;Image reconstruction;Streaming media;Simultaneous localization and mapping}, 
doi={10.1109/CVPR.2012.6247782}, 
ISSN={1063-6919},}

% month={Nov},
@ARTICLE{7368032, 
author={S. {Kato} and E. {Takeuchi} and Y. {Ishiguro} and Y. {Ninomiya} and K. {Takeda} and T. {Hamada}}, 
journal={IEEE Micro}, 
title={An Open Approach to Autonomous Vehicles}, 
year={2015}, 
volume={35}, 
number={6}, 
pages={60--68}, 
keywords={automobiles;automotive engineering;object recognition;path planning;sensors;software libraries;traffic engineering computing;autonomous vehicles;automotive technology;commodity vehicles;sensors;software libraries;datasets;scene recognition;path planning;vehicle control;Autonomous vehicles;Three-dimensional displays;Sensors;Mobile robots;Laser radar;Cameras;Hardware configuration;autonomous vehicles;software platforms;hardware configuration}, 
doi={10.1109/MM.2015.133}, 
ISSN={}
}

% month={Oct},
@INPROCEEDINGS{5346258, 
author={C. {Yi} and I. H. {Suh} and G. H. {Lim} and B. {Choi}}, 
booktitle={Proceedings of the IEEE International Conference on Systems, Man and Cybernetics}, 
title={Active-semantic localization with a single consumer-grade camera}, 
year={2009}, 
volume={}, 
number={}, 
pages={2161--2166}, 
keywords={cameras;greedy algorithms;Markov processes;mobile robots;active-semantic localization;single consumer-grade camera;qualitative metrics;contextual representations;Markov localization method;greedy technique;robot;Cameras;Humans;Robot vision systems;Robot sensing systems;Robot localization;Indoor environments;Ontologies;Cybernetics;USA Councils;Educational institutions;Contextual map;Active-Semantic Localization;Information Gain}, 
doi={10.1109/ICSMC.2009.5346258}, 
ISSN={1062-922X}, 
}

% author = {Quattoni, Ariadna and Michael Collins and Darrell, Trevor},
% booktitle = {Advances in Neural Information Processing Systems 17},
% editor = {L. K. Saul and Y. Weiss and L. Bottou},
% publisher = {MIT Press},
@incollection{NIPS2004_2652,
title = {Conditional Random Fields for Object Recognition},
author = {A. Quattoni and M. Collins and T. Darrell},
booktitle = {Advances in Neural Information Processing Systems},
pages = {1097--1104},
year = {2005},
url = {http://papers.nips.cc/paper/2652-conditional-random-fields-for-object-recognition.pdf}
}

% month={April}
@ARTICLE{563647, 
author={M. {Betke} and L. {Gurvits}}, 
journal={IEEE Transactions on Robotics and Automation}, 
title={Mobile robot localization using landmarks}, 
year={1997}, 
volume={13}, 
number={2}, 
pages={251--263}, 
keywords={navigation;mobile robots;path planning;distance measurement;mobile robot localization;landmarks;position estimation;orientation estimation;robot navigation;Mobile robots;Robot sensing systems;Working environment noise;Navigation;Goniometers;Position measurement;Autonomous agents;Computational geometry;Wheels;Uncertainty}, 
doi={10.1109/70.563647}, 
ISSN={2374-958X}, 
}

% month={Oct},
@ARTICLE{8387438, 
author={A. {Zaganidis} and L. {Sun} and T. {Duckett} and G. {Cielniak}}, 
journal={IEEE Robotics and Automation Letters}, 
title={Integrating Deep Semantic Segmentation Into {3-D} Point Cloud Registration}, 
year={2018}, 
volume={3}, 
number={4}, 
pages={2942--2949}, 
keywords={image registration;image segmentation;iterative methods;learning (artificial intelligence);neural nets;normal distribution;transforms;3D point cloud registration;iterative closest point equivalent;point cloud partitioning;semantic-assisted normal distribution transform;registration errors;semantic labels;deep semantic segmentation;Semantic3d.net;publicly available classification data set;deep neural network;NDT registration pipeline;registration algorithm;SE-NDT;Semantics;Three-dimensional displays;Transforms;Gaussian distribution;Iterative closest point algorithm;Image color analysis;Partitioning algorithms;Localization;SLAM;robotics in agriculture and forestry}, 
doi={10.1109/LRA.2018.2848308}, 
ISSN={2377-3774},
}

% author={Anestis Zaganidis and Martin Magnusson and Tom Duckett and Grzegorz Cielniak}, 
% month=sep,
@INPROCEEDINGS{zaganidis2017registration, 
 author={A. Zaganidis and M. Magnusson and T. Duckett and G. Cielniak}, 
 booktitle={Proceedings of the IEEE/RSJ International Conference on Intelligent Robots and Systems}, 
 title={Semantic-assisted {3D} Normal Distributions Transform for scan registration in environments with limited structure}, 
 year={2017}, 
 pages={4064--4069}, 
}

%  author={Chuho Yi and Il Hong Suh and Gi Hyun Lim and Byung-Uk Choi},
@article{Yi2009ActivesemanticLW,
  title={Active-semantic localization with a single consumer-grade camera},
  author={C. Yi and I. H. Suh and G. H. Lim and B.-U. Choi},
  journal={Proceedings of the IEEE International Conference on Systems, Man and Cybernetics},
  year={2009},
  pages={2161--2166}
}

%  author={Steven A. Parkison and Lu Gan and Maani Ghaffari Jadidi and Ryan M. Eustice},
@inproceedings{Parkison2018SemanticIC,
  title={Semantic Iterative Closest Point through Expectation-Maximization},
  author={S. A. Parkison and L. Gan and M. G. Jadidi and R. M. Eustice},
  booktitle={Proceedings of the British Machine Vision Conference},
  year={2018}
}

% author = {Nikolay Atanasov and Menglong Zhu and Kostas Daniilidis and George J. Pappas},
@article{doi:10.1177/0278364915596589,
author = {N. Atanasov and M. Zhu and K. Daniilidis and G. J. Pappas},
title ={Localization from semantic observations via the matrix permanent},
journal = {The International Journal of Robotics Research},
volume = {35},
number = {1--3},
pages = {73--99},
year = {2016},
doi = {10.1177/0278364915596589},
}

% month={May},
@INPROCEEDINGS{7989203, 
author={S. L. {Bowman} and N. {Atanasov} and K. {Daniilidis} and G. J. {Pappas}}, 
booktitle={Proceedings of the IEEE International Conference on Robotics and Automation}, 
title={Probabilistic data association for semantic {SLAM}}, 
year={2017}, 
pages={1722--1729}, 
keywords={object recognition;optimisation;pose estimation;sensor fusion;SLAM (robots);probabilistic data association;semantic SLAM;simultaneous localization-and-mapping;low-level geometric features;object recognition;view-independent unambiguous loop closure recognition;optimization problem;semantic landmark positions;semantic information;discrete data association;landmark class probabilities;robot-landmark pose optimization;indoor datasets;outdoor datasets;Semantics;Simultaneous localization and mapping;Optimization;Measurement;Feature extraction}, 
doi={10.1109/ICRA.2017.7989203}, 
ISSN={null}, 
}

@article{3d_mapping_with_semantic_knowledge,
author = {A. N\"{u}chter and O. Wulf and K. Lingemann and J. Hertzberg and B. Wagner and H. Surmann},
title ={{3D} Mapping with Semantic Knowledge},
journal = {Robot Soccer World Cup},
pages = {335--346},
year = {2005},
}

@article{3D-NDT,
author = {M. Magnusson and A. Lilienthal and T. Duckett},
title ={Scan registration for autonomous mining vehicles using {3D-NDT}},
journal = {Journal of Field Robotics},
volume = {24},
number = {10},
pages = {803--827},
year = {2007},
}

%  author = {Sch{\"o}nberger, Johannes and Pollefeys, Marc and Geiger, Andreas and Sattler, Torsten},
%  publisher = {IEEE Computer Society},
@inproceedings{Schoenberger2018CVPR,
  title = {Semantic Visual Localization},
  author = {Sch{\"o}nberger, J. and Pollefeys, M. and Geiger, A. and Sattler, T.},
  booktitle = {Proceedings of the IEEE/CVF Conference on Computer Vision and Pattern Recognition},
  year = {2018},
  pages = {6896--6906}
}

%  author    = {Ibraheem Alhashim and Peter Wonka},
@article{Alhashim2018,
  author    = {I. Alhashim and P. Wonka},
  title     = {High Quality Monocular Depth Estimation via Transfer Learning},
  journal   = {arXiv e-prints},
  volume    = {abs/1812.11941},
  year      = {2018},
  url       = {https://arxiv.org/abs/1812.11941},
  eid       = {arXiv:1812.11941},
  eprint    = {1812.11941}
}

%  author={Zhou Wang and Bovik, A.C. and Sheikh, H.R. and Simoncelli, E.P.},
@ARTICLE{1284395,
  author={Wang, Z. and Bovik, A.C. and Sheikh, H.R. and Simoncelli, E.P.},
  journal={IEEE Transactions on Image Processing}, 
  title={Image quality assessment: from error visibility to structural similarity}, 
  year={2004},
  volume={13},
  number={4},
  pages={600--612},
  doi={10.1109/TIP.2003.819861}
}

\@article{AkaiRA-L2019,
    title = {Misalignment Recognition Using {Markov} Random Fields with Fully Connected Latent Variables for Detecting Localization Failures},
    author = {Akai, N. and Morales, L. Y. and Hirayama, T. and Murase, H.},
    journal = {IEEE Robotics and Automation Letters},
    volume = {4},
    number = {4},
    pages = {3955-3962},
    year = {2019},
    doi = {10.1109/LRA.2019.2929999}
}

% publisher = {IEEE Computer Society},
% address = {Los Alamitos, CA, USA},
% month = {oct}
@INPROCEEDINGS {8237279,
author = {A. Kendall and H. Martirosyan and S. Dasgupta and P. Henry and R. Kennedy and A. Bachrach and A. Bry},
booktitle = {Proceedings of the IEEE International Conference on Computer Vision},
title = {End-to-End Learning of Geometry and Context for Deep Stereo Regression},
year = {2017},
issn = {2380-7504},
pages = {66--75},
keywords = {geometry;machine learning;computer architecture;semantics;computational modeling;two dimensional displays;optimization},
doi = {10.1109/ICCV.2017.17},
url = {https://doi.ieeecomputersociety.org/10.1109/ICCV.2017.17},
}

%  booktitle={2006 IEEE Computer Society Conference on Computer Vision and Pattern Recognition (CVPR'06)}, 
@INPROCEEDINGS{1640781,
  author={Mouragnon, E. and Lhuillier, M. and Dhome, M. and Dekeyser, F. and Sayd, P.},
  booktitle={Proceedings of the IEEE Computer Society Conference on Computer Vision and Pattern Recognition}, 
  title={Real Time Localization and {3D} Reconstruction}, 
  year={2006},
  volume={1},
  pages={363--370},
  doi={10.1109/CVPR.2006.236}
}

\@article{SfM,
    title = {Shape and motion from image streams under orthography: A factorization method},
    author = {C. Tomasi and T. Kanade },
    journal = {International Journal of Computer Vision volume},
    volume = {9},
    number = {2},
    pages = {137--154},
    year = {1992}
}

%  author={Yokozuka, Masashi and Oishi, Shuji and Thompson, Simon and Banno, Atsuhiko},
%  booktitle={2019 IEEE/CVF Conference on Computer Vision and Pattern Recognition (CVPR)}, 
@INPROCEEDINGS{8954047,
  author={Yokozuka, M. and Oishi, S. and Thompson, S. and Banno, A.},
  booktitle={Proceedings of the IEEE/CVF Conference on Computer Vision and Pattern Recognition}, 
  title={{VITAMIN-E}: VIsual Tracking and MappINg With Extremely Dense Feature Points}, 
  year={2019},
  pages={9633--9642},
  doi={10.1109/CVPR.2019.00987}
}

%  author={Sujiwo, Adi and Takeuchi, Eijiro and Morales, Luis Yoichi and Akai, Naoki and Ninomiya, Yoshiki and Edahiro, Masato},
%  booktitle={2017 IEEE International Conference on Multisensor Fusion and Integration for Intelligent Systems (MFI)}, 
@INPROCEEDINGS{8170431,
  author={Sujiwo, A. and Takeuchi, E. and Morales, L. Y. and Akai, N. and Ninomiya, Y. and Edahiro, M.},
  booktitle={Proceedings of the IEEE International Conference on Multisensor Fusion and Integration for Intelligent Systems}, 
  title={Localization based on multiple visual-metric maps}, 
  year={2017},
  pages={212--219},
  doi={10.1109/MFI.2017.8170431}
}

%  author={Caselitz, Tim and Steder, Bastian and Ruhnke, Michael and Burgard, Wolfram},
%  booktitle={2016 IEEE/RSJ International Conference on Intelligent Robots and Systems (IROS)}, 
@INPROCEEDINGS{7759304,
  author={Caselitz, T. and Steder, B. and Ruhnke, M. and Burgard, W.},
  booktitle={Proceedings of the IEEE/RSJ International Conference on Intelligent Robots and Systems}, 
  title={Monocular camera localization in {3D} {LiDAR} maps}, 
  year={2016},
  pages={1926--1931},
  doi={10.1109/IROS.2016.7759304}
}

%  author={Kim, Youngji and Jeong, Jinyong and Kim, Ayoung},
%  booktitle={2018 IEEE/RSJ International Conference on Intelligent Robots and Systems (IROS)}, 
@INPROCEEDINGS{8594362,
  author={Kim, Y. and Jeong, J. and Kim, A.},
  booktitle={Proceedings of the IEEE/RSJ International Conference on Intelligent Robots and Systems}, 
  title={Stereo Camera Localization in {3D} {LiDAR} Maps}, 
  year={2018},
  pages={1--9},
  doi={10.1109/IROS.2018.8594362}
}

%  author={Yu, Huai and Zhen, Weikun and Yang, Wen and Zhang, Ji and Scherer, Sebastian},
%  booktitle={2020 IEEE/RSJ International Conference on Intelligent Robots and Systems (IROS)}, 
@INPROCEEDINGS{9341690,
  author={Yu, H. and Zhen, W. and Yang, W. and Zhang, J. and Scherer, S.},
  booktitle={Proceedings of the IEEE/RSJ International Conference on Intelligent Robots and Systems}, 
  title={Monocular Camera Localization in Prior {LiDAR} Maps with {2D-3D} Line Correspondences}, 
  year={2020},
  pages={4588--4594},
  doi={10.1109/IROS45743.2020.9341690}
}

%  author={Biswas, Joydeep and Veloso, Manuela},
%  booktitle={2012 IEEE International Conference on Robotics and Automation}, 
@INPROCEEDINGS{6224766,
  author={Biswas, J. and Veloso, M.},
  booktitle={Proceedings of the IEEE International Conference on Robotics and Automation}, 
  title={Depth camera based indoor mobile robot localization and navigation}, 
  year={2012},
  pages={1697--1702},
  doi={10.1109/ICRA.2012.6224766}
}

@ARTICLE{AkaiRA-L2020,
  author={Akai, N. and Hirayama, T. and Murase, H.},
  journal={IEEE Robotics and Automation Letters}, 
  title={Semantic Localization Considering Uncertainty of Object Recognition}, 
  year={2020},
  volume={5},
  number={3},
  pages={4384--4391},
  doi={10.1109/LRA.2020.2998403}
}

%  author    = {Huanhuan Fan and Yuhao Zhou and Ang Li and Shuang Gao and Jijunnan Li and Yandong Guo},
%  timestamp = {Thu, 28 May 2020 17:38:09 +0200},
%  biburl    = {https://dblp.org/rec/journals/corr/abs-2005-11922.bib},
%  bibsource = {dblp computer science bibliography, https://dblp.org}
@article{DBLP:journals/corr/abs-2005-11922,
  author    = {H. Fan and Y. Zhou and A. Li and S. Gao and J. Li and Y. Guo},
  title     = {Visual Localization Using Semantic Segmentation and Depth Prediction},
  journal   = {CoRR},
  volume    = {abs/2005.11922},
  year      = {2020},
  url       = {https://arxiv.org/abs/2005.11922},
  archivePrefix = {arXiv},
  eprint    = {2005.11922},
}

%  eprint    = {2006.12567},
%  timestamp = {Tue, 26 Jan 2021 09:14:51 +0100},
%  biburl    = {https://dblp.org/rec/journals/corr/abs-2006-12567.bib},
%  bibsource = {dblp computer science bibliography, https://dblp.org}
@article{DBLP:journals/corr/abs-2006-12567,
  author    = {C. Chen and B. Wang and C. X. Lu and N. Trigoni and A. Markham},
  title     = {A Survey on Deep Learning for Localization and Mapping: Towards the Age of Spatial Machine Intelligence},
  journal   = {CoRR},
  volume    = {abs/2006.12567},
  year      = {2020},
  url       = {https://arxiv.org/abs/2006.12567},
  archivePrefix = {arXiv},
}

%  author={Naseer, Tayyab and Burgard, Wolfram},
%  booktitle={2017 IEEE/RSJ International Conference on Intelligent Robots and Systems (IROS)}, 
@INPROCEEDINGS{8205957,
  author={Naseer, T. and Burgard, W.},
  booktitle={Proceedings of the IEEE/RSJ International Conference on Intelligent Robots and Systems}, 
  title={Deep regression for monocular camera-based {6-DoF} global localization in outdoor environments}, 
  year={2017},
  pages={1525--1530},
  doi={10.1109/IROS.2017.8205957}
}

@ARTICLE{ORB_SLAM2,
  author={Mur-Artal, R. and Tard\'{o}s, J. D.},
  journal={IEEE Transactions on Robotics}, 
  title={{ORB-SLAM2}: An Open-Source {SLAM} System for Monocular, Stereo, and {RGB-D} Cameras}, 
  year={2017},
  volume={33},
  number={5},
  pages={1255--1262},
  doi={10.1109/TRO.2017.2705103}
}

%  author={Badrinarayanan, Vijay and Kendall, Alex and Cipolla, Roberto},
@ARTICLE{SegNet,
  author={Badrinarayanan, V. and Kendall, A. and Cipolla, R.},
  journal={IEEE Transactions on Pattern Analysis and Machine Intelligence}, 
  title={{SegNet}: A Deep Convolutional Encoder-Decoder Architecture for Image Segmentation}, 
  year={2017},
  volume={39},
  number={12},
  pages={2481-2495},
  doi={10.1109/TPAMI.2016.2644615}
}

%  author={Akai, Naoki and Hirayama, Takatsugu and Murase, Hiroshi},
%  booktitle={2020 IEEE Intelligent Vehicles Symposium (IV)}, 
@INPROCEEDINGS{AkaiIV2020,
  author={Akai, N. and Hirayama, T. and Murase, H.},
  booktitle={IEEE Intelligent Vehicles Symposium (IV)}, 
  title={{3D Monte Carlo} Localization with Efficient Distance Field Representation for Automated Driving in Dynamic Environments}, 
  year={2020},
  pages={1859--1866}
}

%  author={Akai, Naoki and Hirayama, Takatsugu and Murase, Hiroshi},
@INPROCEEDINGS{AkaiICRA2020,
  author={Akai, N. and Hirayama, T. and Murase, H.},
  booktitle={IEEE International Conference on Robotics and Automation (ICRA)}, 
  title={Hybrid Localization using Model- and Learning-Based Methods: Fusion of {Monte Carlo} and {E2E} Localizations via Importance Sampling}, 
  year={2020},
  volume={},
  number={},
  pages={6469--6475},
}

@article{hdl_localization,
    author = {K. Koide and J. Miura and E. Menegatti},
    title = {A Portable {3D} {LIDAR-based} System for Long-term and Wide-area People Behavior Measurement},
    journal = {Advanced Robotic Systems},
    year = {2019}
}

@inproceedings{BengtssonIROS2001_prev,
    author = {O. Bengtsson and A.J. Baerveldt},
    title = {Localization in changing environments - estimation of a covariance matrix for the {IDC} algorithm},
    booktitle = {IEEE/RSJ International Conference on Intelligent Robots and Systems},
    year = {2001},
}

%  author={Magnusson, Martin and Nuchter, Andreas and Lorken, Christopher and Lilienthal, Achim J. and Hertzberg, Joachim},
@INPROCEEDINGS{Comparison_ICP_NDT,
  author={Magnusson, M. and Nuchter, A. and Lorken, C. and Lilienthal, A.J. and Hertzberg, J.},
  booktitle={IEEE International Conference on Robotics and Automation}, 
  title={Evaluation of {3D} registration reliability and speed - A comparison of {ICP} and {NDT}}, 
  year={2009},
  volume={},
  number={},
  pages={3907-3912},
  doi={10.1109/ROBOT.2009.5152538}
}

@INPROCEEDINGS{GICP,
  author={A. Segal and D. Haehnel and S. Thrun},
  booktitle={Robotics: Science and Systems}, 
  title={{Generalized-ICP}}, 
  year={2009},
  volume={},
  number={},
  pages={},
  doi={10.1109/ROBOT.2009.5152538}
}

%  author={Honda, Kohei and Koide, Kenji and Yokozuka, Masashi and Oishi, Shuji and Banno, Atsuhiko},
@ARTICLE{HondaRA-L2022,
  author={Honda, K. and Koide, K. and Yokozuka, M. and Oishi, S. and Banno, A.},
  journal={IEEE Robotics and Automation Letters}, 
  title={{Generalized LOAM}: {LiDAR} Odometry Estimation With Trainable Local Geometric Features}, 
  year={2022},
  volume={7},
  number={4},
  pages={12459--12466},
  doi={10.1109/LRA.2022.3219022}
}

%  author={Caballero, Fernando and Merino, Luis},
@INPROCEEDINGS{DLL,
  author={Caballero, F. and Merino, L.},
  booktitle={IEEE/RSJ International Conference on Intelligent Robots and Systems}, 
  title={{DLL}: Direct {LIDAR} Localization. {A} map-based localization approach for aerial robots}, 
  year={2021},
  volume={},
  number={},
  pages={5491--5498},
  doi={10.1109/IROS51168.2021.9636501}
}

@inproceedings{chen2021icra,
	author = {X. Chen and I. Vizzo and T. L{\"a}be and J. Behley and C. Stachniss},
	title = {Range Image-based {LiDAR} Localization for Autonomous Vehicles},
	booktitle = {IEEE International Conference on Robotics and Automation},
	pages={5802-5808},
	year = {2021}
}

@ARTICLE{Perez-GrauIJARS2017,
  author={Perez-Grau, F.J. and Caballero, F. and Viguria, A. and Ollero, A.},
  journal={International Journal of Advanced Robotic Systems}, 
  title={Multi-sensor three-dimensional {Monte Carlo} localization for long-term aerial robot navigation}, 
  year={2017},
  volume={14},
  number={5},
  pages={},
  doi={10.1109/LRA.2022.3219022}
}

%  author={Zhang, Haiyang and Martin, Fred},
@INPROCEEDINGS{CUDAMCL,
  author={Zhang, H. and Martin, F.},
  booktitle={IEEE Conference on Technologies for Practical Robot Applications}, 
  title={{CUDA} accelerated robot localization and mapping}, 
  year={2013},
  volume={},
  number={},
  pages={1-6},
  doi={10.1109/TePRA.2013.6556350}
}

%  author = {Adurthi, Naga Venkat},
@ARTICLE{https://doi.org/10.48550/arxiv.2302.06843,
  doi = {10.48550/ARXIV.2302.06843},
  author = {Adurthi, N.V.},
  title = {Scan-Matching based Particle Filtering approach for {LIDAR-only} Localization},
  year = {2023},
  journal={arXiv:2302.06843}, 
  copyright = {Creative Commons Attribution Share Alike 4.0 International}
}

%  author={Chen, Xieyuanli and Läbe, Thomas and Nardi, Lorenzo and Behley, Jens and Stachniss, Cyrill},
@INPROCEEDINGS{chen2020iros,
  author={Chen, X. and L\"{a}be, T. and Nardi, L. and Behley, J. and Stachniss, C.},
  booktitle={IEEE/RSJ International Conference on Intelligent Robots and Systems}, 
  title={Learning an Overlap-based Observation Model for {3D LiDAR} Localization}, 
  year={2020},
  volume={},
  number={},
  pages={4602--4608},
  doi={10.1109/IROS45743.2020.9340769}
}

%  author    = {Ji Zhang and Sanjiv Singh},
@inproceedings{LOAM,
  author    = {J. Zhang and S. Singh},
  title     = {{LOAM:} Lidar Odometry and Mapping in Real-time},
  booktitle = {Robotics: Science and Systems},
  year      = {2014},
  url       = {http://www.roboticsproceedings.org/rss10/p07.html},
  doi       = {10.15607/RSS.2014.X.007}
}

%  author={Shan, Tixiao and Englot, Brendan},
@inproceedings{legoloam2018,
  title={{LeGO-LOAM}: Lightweight and Ground-Optimized Lidar Odometry and Mapping on Variable Terrain},
  author={Shan, T. and Englot, B.},
  booktitle={IEEE/RSJ International Conference on Intelligent Robots and Systems},
  pages={4758--4765},
  year={2018},
  organization={IEEE}
}



















