@INPROCEEDINGS{VisuailOdometry,
  author={Nister, D. and Naroditsky, O. and Bergen, J.},
  booktitle={Proceedings of the 2004 IEEE Computer Society Conference on Computer Vision and Pattern Recognition, 2004. CVPR 2004.}, 
  title={Visual odometry}, 
  year={2004},
  volume={1},
  number={},
  pages={},
  keywords={Motion estimation;Cameras;Delay estimation;Head;Real time systems;Navigation;Robustness;Tracking;Layout;Global Positioning System},
  doi={10.1109/CVPR.2004.1315094}
}

@ARTICLE{VIO,
  author={Forster, Christian and Carlone, Luca and Dellaert, Frank and Scaramuzza, Davide},
  journal={IEEE Transactions on Robotics}, 
  title={On-Manifold Preintegration for Real-Time Visual--Inertial Odometry}, 
  year={2017},
  volume={33},
  number={1},
  pages={1-21},
  keywords={Smoothing methods;Optimization;Estimation;Real-time systems;Manifolds;Computational modeling;Jacobian matrices;Computer vision;sensor fusion;visual--inertial odometry (VIO)},
  doi={10.1109/TRO.2016.2597321}
}
  
@INPROCEEDINGS{DirectLIO,
  author={Chen, K. and Nemiroff, R. and Lopez, B. T.},
  booktitle={2023 IEEE International Conference on Robotics and Automation (ICRA)}, 
  title={Direct LiDAR-Inertial Odometry: Lightweight {LIO} with Continuous-Time Motion Correction}, 
  year={2023},
  volume={},
  number={},
  pages={3983--3989},
  keywords={Location awareness;Technological innovation;Computer architecture;Observers;Real-time systems;Trajectory;Odometry},
  doi={10.1109/ICRA48891.2023.10160508}
}

% Kenji KoideMasashi YokozukaShuji OishiShuji OishiAtsuhiko Banno
@article{KoideRAS2024,
  title = {{GLIM}: {3D} range-inertial localization and mapping with {GPU}-accelerated scan matching factors},
  year = {2024},
  journal = {Robotics and Autonomous Systems},
  author = {K. Koide and M. Yokozuka and S. Oishi and A. Banno},
  number = {2},
  pages = {104750},
  volume = {179}
}

@article{BorensteinJRS1997,
  title = {Mobile robot positioning: Sensors and techniques},
  year = {1997},
  journal = {Journal of Robotic Systems},
  author = {J. Borenstein and H.R. Everett and L. Feng and D. Wehe},
  number = {4},
  pages = {229--340},
  volume = {14}
}

%  author={Xu, Wei and Zhang, Fu},
@ARTICLE{FAST-LIO,
  author={Xu, W. and Zhang, F.},
  journal={IEEE Robotics and Automation Letters}, 
  title={{FAST-LIO}: A Fast, Robust {LiDAR}--Inertial Odometry Package by Tightly-Coupled Iterated Kalman Filter}, 
  year={2021},
  volume={6},
  number={2},
  pages={3317--3324}
}

%  author={Xu, Wei and Cai, Yixi and He, Dongjiao and Lin, Jiarong and Zhang, Fu},
@ARTICLE{FAST-LIO2,
  author={Xu, W. and Cai, Y. and He, D. and Lin, J. and Zhang, F.},
  journal={IEEE Transactions on Robotics}, 
  title={{FAST-LIO2}: Fast Direct {LiDAR}--Inertial Odometry}, 
  year={2022},
  volume={38},
  number={4},
  pages={2053--2073}
}

%  author={Chen, Kenny and Nemiroff, Ryan and Lopez, Brett T.},
@INPROCEEDINGS{Direct-LIO,
  author={Chen, K. and Nemiroff, R. and Lopez, B.T.},
  booktitle={2023 IEEE International Conference on Robotics and Automation (ICRA)}, 
  title={Direct {LiDAR}--Inertial Odometry: Lightweight {LIO} with Continuous--Time Motion Correction}, 
  year={2023},
  pages={3983--3989}
}

@article{Lopez2023arXiv,
  title = {A contracting hierarchical observer for pose-inertial fusion},
  year = {2023},
  journal = {arXiv:2303.02777},
  author = {B. T. Lopez}
}

@INPROCEEDINGS{GICP,
  author={A. Segal and D. Haehnel and S. Thrun},
  booktitle={Robotics: Science and Systems}, 
  title={{Generalized-ICP}}, 
  year={2009},
  volume={},
  number={},
  pages={},
  doi={10.1109/ROBOT.2009.5152538}
}

@article{AkaiJFR2023,
    author = {Akai, N.},
    title = {Reliable {Monte Carlo} localization for mobile robots},
    journal = {Journal of Field Robotics},
    volume = {40},
    number = {3},
    year = {2023},
    pages = {595--613},
}

% booktitle={Proceedings 1999 IEEE International Conference on Robotics and Automation (Cat. No.99CH36288C)}, 
% month={May},
@INPROCEEDINGS{DellaertICRA1999, 
author={F. Dellaert and D. Fox and W. Burgard and S. Thrun}, 
booktitle={Proceedings of the IEEE International Conference on Robotics and Automation}, 
title={{Monte Carlo} localization for mobile robots}, 
year={1999}, 
volume={2}, 
number={}, 
pages={1322--1328}, 
keywords={probability;mobile robots;path planning;Monte Carlo methods;distance measurement;Monte Carlo localization;indoor environments;position estimation;probability densities;sampling-based representation;arbitrary distributions;Monte Carlo methods;Mobile robots;Navigation;Robot localization;Uncertainty;Computer science;Indoor environments;Orbital robotics;State-space methods;Bayesian methods}, 
doi={10.1109/ROBOT.1999.772544}, 
ISSN={1050-4729}, 
}

%    author = {Thrun, S. and others},
@book{Thrun:2005:PR:1121596,
    author = {Thrun, S. and Burgard, W. and Fox, D.},
    title = {Probabilistic Robotics},
    year = {2005},
    isbn = {0262201623},
    publisher = {The MIT Press},
} 

%  author={Shan, Tixiao and Englot, Brendan and Meyers, Drew and Wang, Wei and Ratti, Carlo and Rus Daniela},
@inproceedings{liosam2020shan,
  title={{LIO--SAM}: Tightly-coupled Lidar Inertial Odometry via Smoothing and Mapping},
  author={Shan, T. and Englot, B. and Meyers, D. and Wang, W. and Ratti, C. and Rus D.},
  booktitle={IEEE/RSJ International Conference on Intelligent Robots and Systems (IROS)},
  pages={5135--5142},
  year={2020},
  organization={IEEE}
}

%  author    = {Ji Zhang and Sanjiv Singh},
@inproceedings{LOAM,
  author    = {J. Zhang and S. Singh},
  title     = {{LOAM:} Lidar Odometry and Mapping in Real-time},
  booktitle = {Robotics: Science and Systems},
  year      = {2014},
  url       = {http://www.roboticsproceedings.org/rss10/p07.html},
  doi       = {10.15607/RSS.2014.X.007}
}

%  author = {Segal, Aleksandr and Hähnel, Dirk and Thrun, Sebastian},
@inproceedings{SegalRSS2009GICP,
  author = {Segal, A. and H\"ahnel, D. and Thrun, S.},
  booktitle = {Robotics: Science and Systems},
  editor = {Trinkle, Jeff and Matsuoka, Yoky and Castellanos, José A.},
  publisher = {The MIT Press},
  title = {Generalized--{ICP}},
  year = {2009}
}

